,TIMESTAMP,AMOUNT,PRICE,SIDE,ORDERID,LIST,OFFLOAD,ORDERSRCID,S_PRICE,B_PRICE,TRANSFERT,BTC_TRANSFERED,ETH_TRANSFERED
0,1722820260695,0.0049,0.0406489795918367,sell,4064204813,WAIT_SELL,False,0,0.04011,0,True,0.0001991799999999,0.0
1,1722820273857,0.0048,0.041,sell,4064206551,WAIT_SELL,False,0,0.04083,0,True,0.0001967999999999,0.0
2,1722820286210,0.0048,0.0413895833333333,sell,4064208097,WAIT_SELL,False,0,0.04137,0,True,0.0001986699999999,0.0
3,1722820297568,0.0048,0.0415583333333333,sell,4064209892,WAIT_SELL,False,0,0.04149,0,True,0.0001994799999999,0.0
4,1722820307612,0.0048,0.0415583333333333,sell,4064211809,WAIT_SELL,False,0,0.04135,0,True,0.0001994799999999,0.0
5,1722824242122,0.0047,0.0414297872340425,sell,4064848317,WAIT_SELL,False,0,0.04173,0,True,0.0001947199999999,0.0
6,1722824256701,0.0048,0.0414583333333333,sell,4064852375,WAIT_SELL,False,0,0.04143,0,True,0.0001989999999999,0.0
7,1722824268111,0.0048,0.04165,sell,4064854945,WAIT_SELL,False,0,0.04153,0,True,0.0001999199999999,0.0
8,1722824279901,0.0047,0.0416787234042553,sell,4064857329,WAIT_SELL,False,0,0.04167,0,True,0.0001958899999999,0.0
9,1722824291563,0.0047,0.0418382978723404,sell,4064859994,WAIT_SELL,False,0,0.04175,0,True,0.0001966399999999,0.0
10,1722824303037,0.0047,0.0418,sell,4064863109,WAIT_SELL,False,0,0.04182,0,True,0.00019646,0.0
11,1722824324686,0.0047,0.0416872340425531,sell,4064866720,WAIT_SELL,False,0,0.0417,0,True,0.0001959299999999,0.0
12,1722824367970,0.0047,0.0417382978723404,sell,4064871658,WAIT_SELL,False,0,0.04174,0,True,0.0001961699999999,0.0
13,1722824379233,0.0047,0.0417680851063829,sell,4064873108,WAIT_SELL,False,0,0.04176,0,True,0.0001963099999999,0.0
14,1722824403594,0.0048,0.04166875,sell,4064876496,WAIT_SELL,False,0,0.04166,0,True,0.0002000099999999,0.0
15,1722824425929,0.0047,0.0417085106382978,sell,4064879469,WAIT_SELL,False,0,0.04172,0,True,0.0001960299999999,0.0
16,1722824458367,0.0048,0.0416395833333333,sell,4064883493,WAIT_SELL,False,0,0.04165,0,True,0.0001998699999999,0.0
17,1722824471128,0.0047,0.0416680851063829,sell,4064885196,WAIT_SELL,False,0,0.04168,0,True,0.0001958399999999,0.0
18,1722824504162,0.0047,0.0418680851063829,sell,4064890394,WAIT_SELL,False,0,0.04184,0,True,0.0001967799999999,0.0
19,1722824517464,0.0047,0.0419,sell,4064892562,WAIT_SELL,False,0,0.04187,0,True,0.00019693,0.0
20,1722824529396,0.0047,0.0419191489361702,sell,4064894389,WAIT_SELL,False,0,0.04192,0,True,0.0001970199999999,0.0
21,1722824563583,0.0047,0.0420191489361702,sell,4064897747,WAIT_SELL,False,0,0.04193,0,True,0.0001974899999999,0.0
22,1723102298738,0.0047,0.0422382978723404,sell,4075833210,WAIT_SELL,False,0,0.04224,0,True,0.0001985199999999,0.0
23,1723102381178,0.0047,0.0422297872340425,sell,4075835644,WAIT_SELL,False,0,0.04223,0,True,0.0001984799999999,0.0
24,1723102402847,0.0047,0.0422085106382978,sell,4075836478,WAIT_SELL,False,0,0.04222,0,True,0.0001983799999999,0.0
25,1723102414804,0.0047,0.0421893617021276,sell,4075837405,WAIT_SELL,False,0,0.04218,0,True,0.0001982899999999,0.0
26,1723102425784,0.0047,0.0421893617021276,sell,4075837781,WAIT_SELL,False,0,0.04217,0,True,0.0001982899999999,0.0
27,1723102447326,0.0047,0.0422085106382978,sell,4075838285,WAIT_SELL,False,0,0.0422,0,True,0.0001983799999999,0.0
28,1723102457697,0.0047,0.0422191489361702,sell,4075838508,WAIT_SELL,False,0,0.04221,0,True,0.0001984299999999,0.0
29,1723102644725,0.0047,0.0421787234042553,sell,4075841741,WAIT_SELL,False,0,0.04219,0,True,0.0001982399999999,0.0
30,1723131215580,0.0047,0.0421680851063829,sell,4076561186,WAIT_SELL,False,0,0.04216,0,True,0.0001981899999999,0.0
31,1723131258057,0.0047,0.0421489361702127,sell,4076562247,WAIT_SELL,False,0,0.04215,0,True,0.0001980999999999,0.0
32,1723131280582,0.0047,0.042127659574468,sell,4076562949,WAIT_SELL,False,0,0.04213,0,True,0.0001979999999999,0.0
33,1723131291132,0.0047,0.0421382978723404,sell,4076563197,WAIT_SELL,False,0,0.04214,0,True,0.0001980499999999,0.0
34,1723131371824,0.0047,0.0421191489361702,sell,4076565299,WAIT_SELL,False,0,0.04212,0,True,0.0001979599999999,0.0
35,1723131383841,0.0047,0.0420297872340425,sell,4076567428,WAIT_SELL,False,0,0.04206,0,True,0.0001975399999999,0.0
36,1723131395984,0.0047,0.0420595744680851,sell,4076568828,WAIT_SELL,False,0,0.04203,0,True,0.00019768,0.0
37,1723131417610,0.0047,0.0420595744680851,sell,4076569980,WAIT_SELL,False,0,0.04205,0,True,0.00019768,0.0
38,1723131439020,0.0047,0.0420680851063829,sell,4076571686,WAIT_SELL,False,0,0.04208,0,True,0.0001977199999999,0.0
39,1723131461316,0.0047,0.0421297872340425,sell,4076572862,WAIT_SELL,False,0,0.04211,0,True,0.0001980099999999,0.0
40,1723131481608,0.0047,0.0421,sell,4076573606,WAIT_SELL,False,0,0.0421,0,True,0.00019787,0.0
41,1723131504106,0.0047,0.0420893617021276,sell,4076574168,WAIT_SELL,False,0,0.04209,0,True,0.0001978199999999,0.0
42,1723131573324,0.0047,0.0420893617021276,sell,4076575857,WAIT_SELL,False,0,0.04207,0,True,0.0001978199999999,0.0
43,1723131858850,0.0047,0.0420382978723404,sell,4076583330,WAIT_SELL,False,0,0.04204,0,True,0.0001975799999999,0.0
44,1723217653199,0.0046,0.0428282608695652,sell,4078516034,WAIT_SELL,False,0,0.04283,0,True,0.0001970099999999,0.0
45,1723217727388,0.0046,0.0428086956521739,sell,4078518204,WAIT_SELL,False,0,0.04282,0,True,0.0001969199999999,0.0
46,1723217741244,0.0046,0.0427891304347826,sell,4078519366,WAIT_SELL,False,0,0.04279,0,True,0.0001968299999999,0.0
47,1723217754231,0.0046,0.0428086956521739,sell,4078519780,WAIT_SELL,False,0,0.04281,0,True,0.0001969199999999,0.0
48,1723217791481,0.0046,0.0427782608695652,sell,4078520937,WAIT_SELL,False,0,0.0428,0,True,0.0001967799999999,0.0
49,1723217804978,0.0046,0.0427891304347826,sell,4078521866,WAIT_SELL,False,0,0.04277,0,True,0.0001968299999999,0.0
50,1723218719151,0.0046,0.0427891304347826,sell,4078547012,WAIT_SELL,False,0,0.04278,0,True,0.0001968299999999,0.0
51,1723218895936,0.0046,0.0427586956521739,sell,4078550845,WAIT_SELL,False,0,0.04276,0,True,0.0001966899999999,0.0
52,1723219019551,0.0046,0.04275,sell,4078553806,WAIT_SELL,False,0,0.04275,0,True,0.00019665,0.0
53,1723219493176,0.0046,0.0427282608695652,sell,4078568358,WAIT_SELL,False,0,0.04274,0,True,0.0001965499999999,0.0
54,1723233379216,0.0046,0.0427282608695652,sell,4078760122,WAIT_SELL,False,0,0.04273,0,True,0.0001965499999999,0.0
55,1723233454224,0.0046,0.0427173913043478,sell,4078760842,WAIT_SELL,False,0,0.04272,0,True,0.0001964999999999,0.0
56,1723233539771,0.0046,0.0427086956521739,sell,4078761712,WAIT_SELL,False,0,0.04271,0,True,0.0001964599999999,0.0
57,1723233599900,0.0046,0.0427,sell,4078763046,WAIT_SELL,False,0,0.0427,0,True,0.00019642,0.0
58,1723233614147,0.0046,0.0426891304347826,sell,4078763445,WAIT_SELL,False,0,0.04269,0,True,0.0001963699999999,0.0
59,1723234017682,0.0046,0.0426782608695652,sell,4078766943,WAIT_SELL,False,0,0.04268,0,True,0.0001963199999999,0.0
60,1723234065611,0.0046,0.0426695652173913,sell,4078767213,WAIT_SELL,False,0,0.04267,0,True,0.0001962799999999,0.0
61,1723237475443,0.0046,0.0426586956521739,sell,4078802051,WAIT_SELL,False,0,0.04266,0,True,0.0001962299999999,0.0
62,1723237500683,0.0046,0.0426391304347826,sell,4078802555,WAIT_SELL,False,0,0.04265,0,True,0.0001961399999999,0.0
63,1723245889677,0.0046,0.0426391304347826,sell,4078923366,WAIT_SELL,False,0,0.04264,0,True,0.0001961399999999,0.0
64,1723246435246,0.0046,0.0426195652173913,sell,4078929148,WAIT_SELL,False,0,0.04263,0,True,0.0001960499999999,0.0
65,1723246449589,0.0046,0.0426195652173913,sell,4078929625,WAIT_SELL,False,0,0.04262,0,True,0.0001960499999999,0.0
66,1723250341682,0.0046,0.0426282608695652,sell,4079004937,WAIT_SELL,False,0,0.04261,0,True,0.0001960899999999,0.0
67,1723250625434,0.0046,0.0425891304347826,sell,4079012408,WAIT_SELL,False,0,0.0426,0,True,0.0001959099999999,0.0
68,1723251101071,0.0046,0.0426,sell,4079022334,WAIT_SELL,False,0,0.04259,0,True,0.00019596,0.0
69,1723313579502,0.0046,0.0428195652173913,sell,4079650371,WAIT_SELL,False,0,0.04285,0,True,0.0001969699999999,0.0
70,1723337915732,0.0046,0.04295,sell,4079848678,WAIT_SELL,False,0,0.04295,0,True,0.00019757,0.0
71,1723338072541,0.0046,0.04295,sell,4079849791,WAIT_SELL,False,0,0.04296,0,True,0.00019757,0.0
72,1723338280427,0.0046,0.0429391304347826,sell,4079851516,WAIT_SELL,False,0,0.04294,0,True,0.0001975199999999,0.0
73,1723338682460,0.0046,0.0429695652173913,sell,4079854511,WAIT_SELL,False,0,0.04297,0,True,0.0001976599999999,0.0
74,1723338703315,0.0046,0.0429782608695652,sell,4079854678,WAIT_SELL,False,0,0.04298,0,True,0.0001976999999999,0.0
75,1723338723728,0.0046,0.0429891304347826,sell,4079854819,WAIT_SELL,False,0,0.04299,0,True,0.0001977499999999,0.0
76,1723342776344,0.0046,0.0430195652173913,sell,4079884491,WAIT_SELL,False,0,0.04302,0,True,0.00019789,0.0
77,1723342818722,0.0046,0.0430086956521739,sell,4079884767,WAIT_SELL,False,0,0.04301,0,True,0.0001978399999999,0.0
78,1723342831109,0.0046,0.043,sell,4079884869,WAIT_SELL,False,0,0.043,0,True,0.0001977999999999,0.0
79,1723344171156,0.0046,0.0430282608695652,sell,4079894109,WAIT_SELL,False,0,0.04303,0,True,0.0001979299999999,0.0
80,1723344325193,0.0046,0.0430391304347826,sell,4079894702,WAIT_SELL,False,0,0.04304,0,True,0.0001979799999999,0.0
81,1724269528883,0.0046,0.0430478260869565,sell,4093147324,WAIT_SELL,False,0,0.04306,0,True,0.00019802,0.0
82,1724278357370,0.0046,0.0429391304347826,sell,4093275007,WAIT_SELL,False,0,0.04293,0,True,0.0001975199999999,0.0
83,1724283345287,0.0046,0.0429282608695652,sell,4093314692,WAIT_SELL,False,0,0.04292,0,True,0.00019747,0.0
84,1724475639581,0.0046,0.0429086956521739,sell,4095491965,WAIT_SELL,False,0,0.04291,0,True,0.00019738,0.0
85,1724486234511,0.0046,0.0429,sell,4095567124,WAIT_SELL,False,0,0.0429,0,True,0.00019734,0.0
86,1724486415990,0.0046,0.0428869565217391,sell,4095569047,WAIT_SELL,False,0,0.04289,0,True,0.0001972799999999,0.0
87,1724695270948,0.0047,0.04247872340425532,sell,4097367532,WAIT_SELL,False,0,0.04248,0,False,0.0,0.0
88,1724695657249,0.0047,0.04244893617021277,sell,4097375245,WAIT_SELL,False,0,0.04245,0,False,0.0,0.0
89,1724695679007,0.0047,0.04244893617021277,sell,4097375663,WAIT_SELL,False,0,0.04244,0,False,0.0,0.0
90,1724695722587,0.0047,0.04243829787234042,sell,4097377713,WAIT_SELL,False,0,0.04243,0,False,0.0,0.0
91,1724695765016,0.0047,0.0424,sell,4097380481,WAIT_SELL,False,0,0.04238,0,False,0.0,0.0
92,1724695790355,0.0047,0.0424,sell,4097381175,WAIT_SELL,False,0,0.04241,0,False,0.0,0.0
93,1724695811656,0.0047,0.04238936170212766,sell,4097381584,WAIT_SELL,False,0,0.0424,0,False,0.0,0.0
94,1724695855906,0.0047,0.04237872340425532,sell,4097382601,WAIT_SELL,False,0,0.04239,0,False,0.0,0.0
95,1724696051087,0.0047,0.04238936170212766,sell,4097386107,WAIT_SELL,False,0,0.04237,0,False,0.0,0.0
96,1724696204620,0.0047,0.04235957446808511,sell,4097388820,WAIT_SELL,False,0,0.04236,0,False,0.0,0.0
97,1724696271092,0.0047,0.042348936170212764,sell,4097391688,WAIT_SELL,False,0,0.04235,0,False,0.0,0.0
98,1724697174627,0.0047,0.042419148936170215,sell,4097402922,WAIT_SELL,False,0,0.04242,0,False,0.0,0.0
99,1724700514221,0.0047,0.042338297872340426,sell,4097429613,WAIT_SELL,False,0,0.04234,0,False,0.0,0.0
100,1724702204373,0.0047,0.04231914893617021,sell,4097443343,WAIT_SELL,False,0,0.04232,0,False,0.0,0.0
101,1724702317587,0.0047,0.04232978723404255,sell,4097444881,WAIT_SELL,False,0,0.04233,0,False,0.0,0.0
102,1724702408097,0.0047,0.04231914893617021,sell,4097446464,WAIT_SELL,False,0,0.04231,0,False,0.0,0.0
103,1724702873032,0.0047,0.0423,sell,4097450255,WAIT_SELL,False,0,0.0423,0,False,0.0,0.0
104,1724702943256,0.0047,0.04225957446808511,sell,4097451792,WAIT_SELL,False,0,0.04226,0,False,0.0,0.0
105,1724702966071,0.0047,0.04228936170212766,sell,4097452381,WAIT_SELL,False,0,0.04227,0,False,0.0,0.0
106,1724702988751,0.0047,0.04228936170212766,sell,4097452540,WAIT_SELL,False,0,0.04229,0,False,0.0,0.0
107,1724703079155,0.0047,0.04227872340425532,sell,4097453585,WAIT_SELL,False,0,0.04228,0,False,0.0,0.0
108,1722745467984,0.0041,0.0480390243902439,buy,4062262656,WAIT_BUY,False,0,0,0.04804,True,0.0,0.0041
109,1722760902789,0.0041,0.0480487804878048,buy,4062423776,WAIT_BUY,False,0,0,0.04805,True,0.0,0.0041
110,1722762507799,0.0041,0.0480585365853658,buy,4062441238,WAIT_BUY,False,0,0,0.04806,True,0.0,0.0041
111,1722762593694,0.0041,0.0480682926829268,buy,4062442051,WAIT_BUY,False,0,0,0.04807,True,0.0,0.0041
112,1722783240525,0.0041,0.0481,buy,4062731762,WAIT_BUY,False,0,0,0.0481,True,0.0,0.0041
113,1722783261213,0.0041,0.0481487804878048,buy,4062734806,WAIT_BUY,False,0,0,0.04815,True,0.0,0.0041
114,1722783270903,0.0041,0.0481682926829268,buy,4062736417,WAIT_BUY,False,0,0,0.04817,True,0.0,0.0041
115,1722783290382,0.0041,0.0481585365853658,buy,4062737228,WAIT_BUY,False,0,0,0.04816,True,0.0,0.0041
116,1722783309241,0.0041,0.0481292682926829,buy,4062738142,WAIT_BUY,False,0,0,0.04814,True,0.0,0.0041
117,1722783354815,0.0041,0.0481195121951219,buy,4062740427,WAIT_BUY,False,0,0,0.04813,True,0.0,0.0041
118,1722783364702,0.0041,0.0481195121951219,buy,4062740635,WAIT_BUY,False,0,0,0.04812,True,0.0,0.0041
119,1722783445579,0.0041,0.0480682926829268,buy,4062743591,WAIT_BUY,False,0,0,0.04808,True,0.0,0.0041
120,1722783615627,0.0041,0.0480878048780487,buy,4062750840,WAIT_BUY,False,0,0,0.04809,True,0.0,0.0041
121,1722783650734,0.0041,0.0481097560975609,buy,4062752374,WAIT_BUY,False,0,0,0.04811,True,0.0,0.0041
122,1722783861639,0.0041,0.0482,buy,4062761087,WAIT_BUY,False,0,0,0.04819,True,0.0,0.0041
123,1722783871099,0.0041,0.0482,buy,4062761569,WAIT_BUY,False,0,0,0.0482,True,0.0,0.0041
124,1722783889389,0.0041,0.0481878048780487,buy,4062762230,WAIT_BUY,False,0,0,0.04821,True,0.0,0.0041
125,1722783899628,0.0041,0.0481682926829268,buy,4062762633,WAIT_BUY,False,0,0,0.04818,True,0.0,0.0041
126,1722784219943,0.0041,0.0480292682926829,buy,4062776493,WAIT_BUY,False,0,0,0.04802,True,0.0,0.0041
127,1722784247375,0.0041,0.048,buy,4062777655,WAIT_BUY,False,0,0,0.048,True,0.0,0.0041
128,1722784266497,0.0041,0.0479878048780487,buy,4062778480,WAIT_BUY,False,0,0,0.04799,True,0.0,0.0041
129,1722785934313,0.0041,0.0479292682926829,buy,4062828065,WAIT_BUY,False,0,0,0.04793,True,0.0,0.0041
130,1722785943903,0.0041,0.0479487804878048,buy,4062828512,WAIT_BUY,False,0,0,0.04794,True,0.0,0.0041
131,1722785953683,0.0041,0.0479390243902439,buy,4062829060,WAIT_BUY,False,0,0,0.04796,True,0.0,0.0041
132,1722785963790,0.0041,0.0479195121951219,buy,4062829433,WAIT_BUY,False,0,0,0.04792,True,0.0,0.0041
133,1722786017839,0.0041,0.0479487804878048,buy,4062830713,WAIT_BUY,False,0,0,0.04795,True,0.0,0.0041
134,1722786134498,0.0041,0.0479682926829268,buy,4062833198,WAIT_BUY,False,0,0,0.04797,True,0.0,0.0041
135,1722786179592,0.0041,0.048,buy,4062834577,WAIT_BUY,False,0,0,0.04801,True,0.0,0.0041
136,1722786307374,0.0041,0.0479878048780487,buy,4062836769,WAIT_BUY,False,0,0,0.04798,True,0.0,0.0041
137,1722786573168,0.0041,0.0479097560975609,buy,4062843109,WAIT_BUY,False,0,0,0.04791,True,0.0,0.0041
138,1722786737994,0.0041,0.0479,buy,4062848283,WAIT_BUY,False,0,0,0.0479,True,0.0,0.0041
139,1722786803076,0.0041,0.0478878048780487,buy,4062850551,WAIT_BUY,False,0,0,0.04789,True,0.0,0.0041
140,1722786955430,0.0041,0.0478780487804878,buy,4062853727,WAIT_BUY,False,0,0,0.04788,True,0.0,0.0041
141,1722805980376,0.0042,0.0466095238095238,buy,4063640655,WAIT_BUY,False,0,0,0.04661,True,0.0,0.0042
142,1722806507503,0.0042,0.0466285714285714,buy,4063648266,WAIT_BUY,False,0,0,0.04662,True,0.0,0.0042
143,1722806517593,0.0042,0.0466595238095238,buy,4063648974,WAIT_BUY,False,0,0,0.04663,True,0.0,0.0042
144,1722806527715,0.0042,0.0466595238095238,buy,4063649257,WAIT_BUY,False,0,0,0.04666,True,0.0,0.0042
145,1722806557413,0.0042,0.0466880952380952,buy,4063650114,WAIT_BUY,False,0,0,0.04669,True,0.0,0.0042
146,1722806567660,0.0042,0.0467,buy,4063650425,WAIT_BUY,False,0,0,0.04668,True,0.0,0.0042
147,1722806577950,0.0042,0.0467,buy,4063650569,WAIT_BUY,False,0,0,0.0467,True,0.0,0.0042
148,1722806682417,0.0042,0.0466690476190476,buy,4063651495,WAIT_BUY,False,0,0,0.04667,True,0.0,0.0042
149,1722806739969,0.0042,0.0467190476190476,buy,4063652390,WAIT_BUY,False,0,0,0.04672,True,0.0,0.0042
150,1722806841435,0.0042,0.0467190476190476,buy,4063653262,WAIT_BUY,False,0,0,0.04671,True,0.0,0.0042
151,1722806930608,0.0042,0.0467595238095238,buy,4063655463,WAIT_BUY,False,0,0,0.04677,True,0.0,0.0042
152,1722806940862,0.0042,0.0467595238095238,buy,4063655532,WAIT_BUY,False,0,0,0.04676,True,0.0,0.0042
153,1722806989413,0.0042,0.0467190476190476,buy,4063656743,WAIT_BUY,False,0,0,0.04673,True,0.0,0.0042
154,1722807093943,0.0042,0.0467380952380952,buy,4063657718,WAIT_BUY,False,0,0,0.04674,True,0.0,0.0042
155,1722807404942,0.0042,0.0466380952380952,buy,4063664489,WAIT_BUY,False,0,0,0.04664,True,0.0,0.0042
156,1722807414658,0.0042,0.04665,buy,4063665490,WAIT_BUY,False,0,0,0.04665,True,0.0,0.0042
157,1722808348066,0.0042,0.04675,buy,4063683185,WAIT_BUY,False,0,0,0.04675,True,0.0,0.0042
158,1722810695669,0.0042,0.0465380952380952,buy,4063734310,WAIT_BUY,False,0,0,0.04654,True,0.0,0.0042
159,1722810735557,0.0042,0.0465285714285714,buy,4063734972,WAIT_BUY,False,0,0,0.04653,True,0.0,0.0042
160,1722810794072,0.0042,0.0465095238095238,buy,4063735749,WAIT_BUY,False,0,0,0.04652,True,0.0,0.0042
161,1722810804176,0.0043,0.0465093023255814,buy,4063735890,WAIT_BUY,False,0,0,0.04651,True,0.0,0.0043
162,1722810881971,0.0043,0.0464883720930232,buy,4063737099,WAIT_BUY,False,0,0,0.04649,True,0.0,0.0043
163,1722810892482,0.0043,0.0465,buy,4063737259,WAIT_BUY,False,0,0,0.0465,True,0.0,0.0043
164,1722811290367,0.0043,0.0464697674418604,buy,4063742436,WAIT_BUY,False,0,0,0.04647,True,0.0,0.0043
165,1722811323751,0.0043,0.0464790697674418,buy,4063742807,WAIT_BUY,False,0,0,0.04648,True,0.0,0.0043
166,1722811634363,0.0043,0.0464488372093023,buy,4063746092,WAIT_BUY,False,0,0,0.04645,True,0.0,0.0043
167,1722811667597,0.0043,0.0464581395348837,buy,4063746588,WAIT_BUY,False,0,0,0.04646,True,0.0,0.0043
168,1722811737043,0.0043,0.0464395348837209,buy,4063747442,WAIT_BUY,False,0,0,0.04644,True,0.0,0.0043
169,1722814425415,0.0043,0.0463488372093023,buy,4063783386,WAIT_BUY,False,0,0,0.04634,True,0.0,0.0043
170,1722814436317,0.0043,0.0463581395348837,buy,4063783623,WAIT_BUY,False,0,0,0.04636,True,0.0,0.0043
171,1722814466203,0.0043,0.0463279069767441,buy,4063784210,WAIT_BUY,False,0,0,0.04633,True,0.0,0.0043
172,1722814485295,0.0043,0.0463488372093023,buy,4063784577,WAIT_BUY,False,0,0,0.04635,True,0.0,0.0043
173,1722814562303,0.0043,0.0463581395348837,buy,4063785586,WAIT_BUY,False,0,0,0.04637,True,0.0,0.0043
174,1722814745514,0.0043,0.0463186046511627,buy,4063787929,WAIT_BUY,False,0,0,0.04632,True,0.0,0.0043
175,1722814854095,0.0043,0.0463,buy,4063788992,WAIT_BUY,False,0,0,0.04631,True,0.0,0.0043
176,1722814864045,0.0043,0.0463093023255813,buy,4063789087,WAIT_BUY,False,0,0,0.0463,True,0.0,0.0043
177,1722814904673,0.0043,0.0462883720930232,buy,4063789486,WAIT_BUY,False,0,0,0.04629,False,0.0,0.0
178,1722814927634,0.0043,0.0462790697674418,buy,4063789687,WAIT_BUY,False,0,0,0.04628,False,0.0,0.0
179,1722817040658,0.0043,0.0462581395348837,buy,4063846058,WAIT_BUY,False,0,0,0.04626,False,0.0,0.0
180,1722817059753,0.0043,0.0462581395348837,buy,4063846729,WAIT_BUY,False,0,0,0.04627,False,0.0,0.0
181,1722817098006,0.0043,0.0462395348837209,buy,4063849345,WAIT_BUY,False,0,0,0.04622,False,0.0,0.0
182,1722817108474,0.0043,0.0462697674418604,buy,4063849899,WAIT_BUY,False,0,0,0.04625,False,0.0,0.0
183,1722817138814,0.0043,0.0462093023255813,buy,4063851255,WAIT_BUY,False,0,0,0.04621,False,0.0,0.0
184,1722817301720,0.0043,0.0462395348837209,buy,4063857987,WAIT_BUY,False,0,0,0.04623,False,0.0,0.0
185,1722817331848,0.0043,0.0462,buy,4063859173,WAIT_BUY,False,0,0,0.04619,False,0.0,0.0
186,1722817353604,0.0043,0.0462,buy,4063859816,WAIT_BUY,False,0,0,0.0462,False,0.0,0.0
187,1722817479811,0.0043,0.0461790697674418,buy,4063866373,WAIT_BUY,False,0,0,0.04618,False,0.0,0.0
188,1722817550955,0.0043,0.0462488372093023,buy,4063869493,WAIT_BUY,False,0,0,0.04624,False,0.0,0.0
189,1722818185560,0.0043,0.0461395348837209,buy,4063896137,WAIT_BUY,False,0,0,0.04614,False,0.0,0.0
190,1722818228293,0.0043,0.0461279069767441,buy,4063898979,WAIT_BUY,False,0,0,0.04612,False,0.0,0.0
191,1722818272376,0.0043,0.0461186046511627,buy,4063904547,WAIT_BUY,False,0,0,0.04611,False,0.0,0.0
192,1722818282844,0.0043,0.0461279069767441,buy,4063905132,WAIT_BUY,False,0,0,0.04613,False,0.0,0.0
193,1722818292921,0.0043,0.0460790697674418,buy,4063906337,WAIT_BUY,False,0,0,0.04616,False,0.0,0.0
194,1723504772195,0.0043,0.0460186046511627,buy,4083105382,WAIT_BUY,False,0,0,0.04591,False,0.0,0.0
195,1723504786313,0.0043,0.0460093023255814,buy,4083107965,WAIT_BUY,False,0,0,0.04599,False,0.0,0.0
196,1723504797701,0.0043,0.0460186046511627,buy,4083109141,WAIT_BUY,False,0,0,0.046,False,0.0,0.0
197,1723504809339,0.0043,0.0460093023255814,buy,4083110401,WAIT_BUY,False,0,0,0.04602,False,0.0,0.0
198,1723504820779,0.0043,0.0460279069767441,buy,4083111714,WAIT_BUY,False,0,0,0.04601,False,0.0,0.0
199,1723504831986,0.0043,0.0460488372093023,buy,4083113118,WAIT_BUY,False,0,0,0.04606,False,0.0,0.0
200,1723504843824,0.0043,0.0460581395348837,buy,4083114292,WAIT_BUY,False,0,0,0.04607,False,0.0,0.0
201,1723504874718,0.0043,0.0460488372093023,buy,4083115955,WAIT_BUY,False,0,0,0.04605,False,0.0,0.0
202,1723504887220,0.0043,0.0460186046511627,buy,4083117110,WAIT_BUY,False,0,0,0.04603,False,0.0,0.0
203,1723504920437,0.0043,0.0460395348837209,buy,4083118361,WAIT_BUY,False,0,0,0.04604,False,0.0,0.0
204,1723506500176,0.0043,0.0460790697674418,buy,4083161441,WAIT_BUY,False,0,0,0.04609,False,0.0,0.0
205,1723506512961,0.0043,0.0461,buy,4083161705,WAIT_BUY,False,0,0,0.0461,False,0.0,0.0
206,1724031584695,0.0044,0.0449795454545454,buy,4090300344,WAIT_BUY,False,0,0,0.04496,False,0.0,0.0
207,1724031608551,0.0044,0.045,buy,4090302134,WAIT_BUY,False,0,0,0.04501,False,0.0,0.0
208,1724031629831,0.0044,0.0449795454545454,buy,4090302502,WAIT_BUY,False,0,0,0.04499,False,0.0,0.0
209,1724031650929,0.0044,0.0449795454545454,buy,4090302707,WAIT_BUY,False,0,0,0.04498,False,0.0,0.0
210,1724031694777,0.0044,0.045,buy,4090303589,WAIT_BUY,False,0,0,0.045,False,0.0,0.0
211,1724031758296,0.0044,0.0449681818181818,buy,4090304580,WAIT_BUY,False,0,0,0.04497,False,0.0,0.0
212,1724031988990,0.0044,0.0449386363636363,buy,4090307479,WAIT_BUY,False,0,0,0.04494,False,0.0,0.0
213,1724032071873,0.0044,0.0449295454545454,buy,4090308309,WAIT_BUY,False,0,0,0.04493,False,0.0,0.0
214,1724032320671,0.0044,0.04495,buy,4090310808,WAIT_BUY,False,0,0,0.04495,False,0.0,0.0
215,1724036675991,0.0044,0.0450181818181818,buy,4090353482,WAIT_BUY,False,0,0,0.04502,False,0.0,0.0
216,1724036718781,0.0044,0.0450181818181818,buy,4090354028,WAIT_BUY,False,0,0,0.04503,False,0.0,0.0
217,1724038716149,0.0044,0.0450386363636363,buy,4090369884,WAIT_BUY,False,0,0,0.04504,False,0.0,0.0
218,1724038759877,0.0044,0.0450590909090909,buy,4090370575,WAIT_BUY,False,0,0,0.04505,False,0.0,0.0
219,1724039034444,0.0044,0.04505,buy,4090372863,WAIT_BUY,False,0,0,0.04506,False,0.0,0.0
220,1724039096745,0.0044,0.0450590909090909,buy,4090373665,WAIT_BUY,False,0,0,0.04507,False,0.0,0.0
221,1724040136197,0.0044,0.0450795454545454,buy,4090385308,WAIT_BUY,False,0,0,0.04508,False,0.0,0.0
222,1724040282146,0.0044,0.0450886363636363,buy,4090386327,WAIT_BUY,False,0,0,0.04509,False,0.0,0.0
223,1724046530687,0.0044,0.0449181818181818,buy,4090437018,WAIT_BUY,False,0,0,0.04491,False,0.0,0.0
224,1724050044258,0.0044,0.0449,buy,4090465180,WAIT_BUY,False,0,0,0.04487,False,0.0,0.0
225,1724050060203,0.0044,0.0448886363636363,buy,4090465440,WAIT_BUY,False,0,0,0.04489,False,0.0,0.0
226,1724050108414,0.0044,0.0448795454545454,buy,4090465882,WAIT_BUY,False,0,0,0.04488,False,0.0,0.0
227,1724050280329,0.0044,0.0448590909090909,buy,4090468088,WAIT_BUY,False,0,0,0.04486,False,0.0,0.0
228,1724050640265,0.0044,0.04485,buy,4090469800,WAIT_BUY,False,0,0,0.04485,False,0.0,0.0
229,1724054484520,0.0044,0.0447090909090909,buy,4090503588,WAIT_BUY,False,0,0,0.04471,False,0.0,0.0
230,1724054577677,0.0044,0.0447181818181818,buy,4090504334,WAIT_BUY,False,0,0,0.04472,False,0.0,0.0
231,1724056233290,0.0044,0.0447295454545454,buy,4090517384,WAIT_BUY,False,0,0,0.04473,False,0.0,0.0
232,1724061078957,0.0044,0.0444590909090909,buy,4090573569,WAIT_BUY,False,0,0,0.04446,False,0.0,0.0
233,1724061095333,0.0044,0.0444681818181818,buy,4090574172,WAIT_BUY,False,0,0,0.04447,False,0.0,0.0
234,1724061176041,0.0044,0.0444795454545454,buy,4090576287,WAIT_BUY,False,0,0,0.04448,False,0.0,0.0
235,1724061270616,0.0044,0.0445,buy,4090578780,WAIT_BUY,False,0,0,0.04449,False,0.0,0.0
236,1724061287206,0.0044,0.0445,buy,4090579245,WAIT_BUY,False,0,0,0.04451,False,0.0,0.0
237,1724061318715,0.0044,0.0444795454545454,buy,4090580596,WAIT_BUY,False,0,0,0.0445,False,0.0,0.0
238,1724061413375,0.0044,0.0444386363636363,buy,4090583132,WAIT_BUY,False,0,0,0.04445,False,0.0,0.0
239,1724061429928,0.0045,0.04442,buy,4090583768,WAIT_BUY,False,0,0,0.04443,False,0.0,0.0
240,1724061446654,0.0045,0.04446,buy,4090584704,WAIT_BUY,False,0,0,0.04444,False,0.0,0.0
241,1724061638102,0.0045,0.0444288888888888,buy,4090589737,WAIT_BUY,False,0,0,0.04442,False,0.0,0.0
242,1724062037188,0.0045,0.04442,buy,4090602223,WAIT_BUY,False,0,0,0.04441,False,0.0,0.0
243,1724062054084,0.0045,0.0444,buy,4090602720,WAIT_BUY,False,0,0,0.0444,False,0.0,0.0
244,1724062118520,0.0045,0.0444,buy,4090604374,WAIT_BUY,False,0,0,0.04439,False,0.0,0.0
245,1724062281187,0.0045,0.04438,buy,4090607363,WAIT_BUY,False,0,0,0.04438,False,0.0,0.0
246,1724062779796,0.0045,0.0443688888888888,buy,4090616579,WAIT_BUY,False,0,0,0.04437,False,0.0,0.0
247,1724062811461,0.0045,0.04436,buy,4090616978,WAIT_BUY,False,0,0,0.04436,False,0.0,0.0
248,1724066748703,0.0045,0.04436,buy,4090651330,WAIT_BUY,False,0,0,0.04435,False,0.0,0.0
249,1724066928570,0.0045,0.04434,buy,4090652835,WAIT_BUY,False,0,0,0.04434,False,0.0,0.0
250,1724067794509,0.0045,0.0443288888888888,buy,4090658797,WAIT_BUY,False,0,0,0.04433,False,0.0,0.0
251,1724068196527,0.0045,0.04432,buy,4090662286,WAIT_BUY,False,0,0,0.04432,False,0.0,0.0
252,1724069852328,0.0045,0.04432,buy,4090684657,WAIT_BUY,False,0,0,0.04429,False,0.0,0.0
253,1724089011483,0.0045,0.04432,buy,4090954676,WAIT_BUY,False,0,0,0.04431,False,0.0,0.0
254,1724089283776,0.0045,0.04428,buy,4090960630,WAIT_BUY,False,0,0,0.04428,False,0.0,0.0
255,1724097852131,0.0045,0.04424,buy,4091072630,WAIT_BUY,False,0,0,0.04424,False,0.0,0.0
256,1724099779546,0.0045,0.0442488888888888,buy,4091088816,WAIT_BUY,False,0,0,0.04425,False,0.0,0.0
257,1724099811372,0.0045,0.04426,buy,4091089117,WAIT_BUY,False,0,0,0.04426,False,0.0,0.0
258,1724099892495,0.0045,0.0442688888888888,buy,4091089725,WAIT_BUY,False,0,0,0.04427,False,0.0,0.0
259,1724100660491,0.0045,0.0443,buy,4091097776,WAIT_BUY,False,0,0,0.0443,False,0.0,0.0
260,1724114376750,0.0045,0.0441088888888888,buy,4091249306,WAIT_BUY,False,0,0,0.04411,False,0.0,0.0
261,1724114439882,0.0045,0.0441288888888888,buy,4091250098,WAIT_BUY,False,0,0,0.04413,False,0.0,0.0
262,1724114470742,0.0045,0.04414,buy,4091250509,WAIT_BUY,False,0,0,0.04414,False,0.0,0.0
263,1724114487848,0.0045,0.0441088888888888,buy,4091251060,WAIT_BUY,False,0,0,0.04412,False,0.0,0.0
264,1724114503990,0.0045,0.0441,buy,4091251471,WAIT_BUY,False,0,0,0.0441,False,0.0,0.0
265,1724114538210,0.0045,0.0440688888888888,buy,4091252699,WAIT_BUY,False,0,0,0.04407,False,0.0,0.0
266,1724114568763,0.0045,0.0440688888888888,buy,4091253651,WAIT_BUY,False,0,0,0.04408,False,0.0,0.0
267,1724114585283,0.0045,0.0440488888888888,buy,4091254385,WAIT_BUY,False,0,0,0.04405,False,0.0,0.0
268,1724114617394,0.0045,0.04406,buy,4091254866,WAIT_BUY,False,0,0,0.04406,False,0.0,0.0
269,1724114679456,0.0045,0.04404,buy,4091255988,WAIT_BUY,False,0,0,0.04404,False,0.0,0.0
270,1724114695902,0.0045,0.04404,buy,4091256345,WAIT_BUY,False,0,0,0.04403,False,0.0,0.0
271,1724115010934,0.0045,0.04402,buy,4091262064,WAIT_BUY,False,0,0,0.04402,False,0.0,0.0
272,1724115075226,0.0045,0.044,buy,4091263109,WAIT_BUY,False,0,0,0.044,False,0.0,0.0
273,1724115107989,0.0045,0.0440288888888888,buy,4091264029,WAIT_BUY,False,0,0,0.04401,False,0.0,0.0
274,1724115283628,0.0045,0.0439888888888888,buy,4091266581,WAIT_BUY,False,0,0,0.04399,False,0.0,0.0
275,1724117868071,0.0045,0.0439,buy,4091314859,WAIT_BUY,False,0,0,0.0439,False,0.0,0.0
276,1724117901444,0.0045,0.0439088888888888,buy,4091315306,WAIT_BUY,False,0,0,0.04391,False,0.0,0.0
277,1724121962883,0.0045,0.0438888888888888,buy,4091357382,WAIT_BUY,False,0,0,0.04389,False,0.0,0.0
278,1724124473817,0.0045,0.0439288888888888,buy,4091375350,WAIT_BUY,False,0,0,0.04393,False,0.0,0.0
279,1724124506097,0.0045,0.04392,buy,4091375545,WAIT_BUY,False,0,0,0.04392,False,0.0,0.0
280,1724124904036,0.0045,0.04394,buy,4091379131,WAIT_BUY,False,0,0,0.04394,False,0.0,0.0
281,1724131165460,0.0045,0.0439488888888888,buy,4091450978,WAIT_BUY,False,0,0,0.04397,False,0.0,0.0
282,1724131181648,0.0045,0.04392,buy,4091452117,WAIT_BUY,False,0,0,0.04396,False,0.0,0.0
283,1724133825787,0.0045,0.0439488888888888,buy,4091515453,WAIT_BUY,False,0,0,0.04395,False,0.0,0.0
284,1724395831791,0.0045,0.04386,buy,4094337617,WAIT_BUY,False,0,0,0.04388,False,0.0,0.0
285,1724402162616,0.0045,0.0436888888888888,buy,4094390363,WAIT_BUY,False,0,0,0.04369,False,0.0,0.0
286,1724402206493,0.0045,0.0437,buy,4094390589,WAIT_BUY,False,0,0,0.0437,False,0.0,0.0
287,1724402662842,0.0045,0.0437088888888888,buy,4094393001,WAIT_BUY,False,0,0,0.04371,False,0.0,0.0
288,1724402858207,0.0045,0.04368,buy,4094394858,WAIT_BUY,False,0,0,0.04368,False,0.0,0.0
289,1724517499782,0.0045,0.0437688888888888,buy,4095829197,WAIT_BUY,False,0,0,0.04378,False,0.0,0.0
290,1724517521290,0.0045,0.0437688888888888,buy,4095830124,WAIT_BUY,False,0,0,0.04379,False,0.0,0.0
291,1724517544521,0.0045,0.0437888888888888,buy,4095830667,WAIT_BUY,False,0,0,0.04377,False,0.0,0.0
292,1724517652574,0.0045,0.0438088888888888,buy,4095833187,WAIT_BUY,False,0,0,0.0438,False,0.0,0.0
293,1724402876573,0.0045,0.04383,sell,4095858824,SELL_PROFIT,True,4094394858,0,0,False,0,0
294,1724402180898,0.0045,0.04384,sell,4095833052,SELL_PROFIT,True,4094390363,0,0,False,0,0
295,1724402225895,0.0045,0.04385,sell,4095833054,SELL_PROFIT,True,4094390589,0,0,False,0,0
296,1724402680312,0.0045,0.04386,sell,4095833803,SELL_PROFIT,True,4094393001,0,0,False,0,0
297,1724517517317,0.0045,0.04392,sell,4095829996,SELL_PROFIT,True,4095829197,0,0,False,0,0
298,1724517539749,0.0045,0.04392,sell,4095830386,SELL_PROFIT,True,4095830124,0,0,False,0,0
299,1724517562140,0.0045,0.04394,sell,4095830990,SELL_PROFIT,True,4095830667,0,0,False,0,0
300,1724517670137,0.0045,0.04396,sell,4095833853,SELL_PROFIT,True,4095833187,0,0,False,0,0
301,1724395850013,0.0045,0.04401,sell,4094338879,SELL_PROFIT,True,4094337617,0,0,False,0,0
302,1724121976572,0.0045,0.04404,sell,4094307434,SELL_PROFIT,True,4091357382,0,0,False,0,0
303,1724117881234,0.0045,0.04405,sell,4094307442,SELL_PROFIT,True,4091314859,0,0,False,0,0
304,1724117915221,0.0045,0.04406,sell,4094309575,SELL_PROFIT,True,4091315306,0,0,False,0,0
305,1724124519795,0.0045,0.04407,sell,4094309582,SELL_PROFIT,True,4091375545,0,0,False,0,0
306,1724131195467,0.0045,0.04407,sell,4094309590,SELL_PROFIT,True,4091452117,0,0,False,0,0
307,1724124487067,0.0045,0.04408,sell,4094310103,SELL_PROFIT,True,4091375350,0,0,False,0,0
308,1724124918812,0.0045,0.04409,sell,4094310809,SELL_PROFIT,True,4091379131,0,0,False,0,0
309,1724131178862,0.0045,0.0441,sell,4091451891,SELL_PROFIT,True,4091450978,0,0,False,0,0
310,1724133839035,0.0045,0.0441,sell,4091515822,SELL_PROFIT,True,4091515453,0,0,False,0,0
311,1724115298253,0.0045,0.04414,sell,4091266777,SELL_PROFIT,True,4091266581,0,0,False,0,0
312,1724115089538,0.0045,0.04415,sell,4091263381,SELL_PROFIT,True,4091263109,0,0,False,0,0
313,1724115025717,0.0045,0.04417,sell,4091262470,SELL_PROFIT,True,4091262064,0,0,False,0,0
314,1724115121262,0.0045,0.04418,sell,4091264367,SELL_PROFIT,True,4091264029,0,0,False,0,0
315,1724114693123,0.0045,0.04419,sell,4091256305,SELL_PROFIT,True,4091255988,0,0,False,0,0
316,1724114709811,0.0045,0.04419,sell,4091256598,SELL_PROFIT,True,4091256345,0,0,False,0,0
317,1724114599331,0.0045,0.0442,sell,4091254580,SELL_PROFIT,True,4091254385,0,0,False,0,0
318,1724114630599,0.0045,0.04421,sell,4091255158,SELL_PROFIT,True,4091254866,0,0,False,0,0
319,1724114551210,0.0045,0.04422,sell,4091253280,SELL_PROFIT,True,4091252699,0,0,False,0,0
320,1724114582048,0.0045,0.04422,sell,4091254268,SELL_PROFIT,True,4091253651,0,0,False,0,0
321,1724114517422,0.0045,0.04425,sell,4091251835,SELL_PROFIT,True,4091251471,0,0,False,0,0
322,1724114389460,0.0045,0.04426,sell,4091249401,SELL_PROFIT,True,4091249306,0,0,False,0,0
323,1724114500984,0.0045,0.04426,sell,4091251318,SELL_PROFIT,True,4091251060,0,0,False,0,0
324,1724114452598,0.0045,0.04428,sell,4091250208,SELL_PROFIT,True,4091250098,0,0,False,0,0
325,1724114483453,0.0045,0.04429,sell,4091250944,SELL_PROFIT,True,4091250509,0,0,False,0,0
326,1724097865701,0.0045,0.04439,sell,4091194425,SELL_PROFIT,True,4091072630,0,0,False,0,0
327,1724099793198,0.0045,0.0444,sell,4091188167,SELL_PROFIT,True,4091088816,0,0,False,0,0
328,1724099825360,0.0045,0.04441,sell,4091190164,SELL_PROFIT,True,4091089117,0,0,False,0,0
329,1724099906518,0.0045,0.04442,sell,4091190165,SELL_PROFIT,True,4091089725,0,0,False,0,0
330,1724089295615,0.0045,0.04443,sell,4091190697,SELL_PROFIT,True,4090960630,0,0,False,0,0
331,1724100678208,0.0045,0.04446,sell,4091098057,SELL_PROFIT,True,4091097776,0,0,False,0,0
332,1724067806750,0.0045,0.04448,sell,4090658825,SELL_PROFIT,True,4090658797,0,0,False,0,0
333,1724068208384,0.0045,0.04448,sell,4090662498,SELL_PROFIT,True,4090662286,0,0,False,0,0
334,1724069864442,0.0045,0.04448,sell,4090684765,SELL_PROFIT,True,4090684657,0,0,False,0,0
335,1724089023531,0.0045,0.04448,sell,4090955059,SELL_PROFIT,True,4090954676,0,0,False,0,0
336,1724066940399,0.0045,0.0445,sell,4090653008,SELL_PROFIT,True,4090652835,0,0,False,0,0
337,1724062791081,0.0045,0.04452,sell,4090616706,SELL_PROFIT,True,4090616579,0,0,False,0,0
338,1724062823755,0.0045,0.04452,sell,4090617161,SELL_PROFIT,True,4090616978,0,0,False,0,0
339,1724066761407,0.0045,0.04452,sell,4090651566,SELL_PROFIT,True,4090651330,0,0,False,0,0
340,1724062293539,0.0045,0.04454,sell,4090607745,SELL_PROFIT,True,4090607363,0,0,False,0,0
341,1724062066367,0.0045,0.04456,sell,4090603002,SELL_PROFIT,True,4090602720,0,0,False,0,0
342,1724062129933,0.0045,0.04456,sell,4090604511,SELL_PROFIT,True,4090604374,0,0,False,0,0
343,1724061441467,0.0045,0.04458,sell,4090584459,SELL_PROFIT,True,4090583768,0,0,False,0,0
344,1724061649368,0.0045,0.04458,sell,4090589992,SELL_PROFIT,True,4090589737,0,0,False,0,0
345,1724062049045,0.0045,0.04458,sell,4090602654,SELL_PROFIT,True,4090602223,0,0,False,0,0
346,1724061425217,0.0044,0.04459,sell,4090583490,SELL_PROFIT,True,4090583132,0,0,False,0,0
347,1724061090752,0.0044,0.04461,sell,4090574012,SELL_PROFIT,True,4090573569,0,0,False,0,0
348,1724061106921,0.0044,0.04462,sell,4090574378,SELL_PROFIT,True,4090574172,0,0,False,0,0
349,1724061458093,0.0045,0.04462,sell,4090584957,SELL_PROFIT,True,4090584704,0,0,False,0,0
350,1724061188045,0.0044,0.04464,sell,4090576559,SELL_PROFIT,True,4090576287,0,0,False,0,0
351,1724061329999,0.0044,0.04464,sell,4090581090,SELL_PROFIT,True,4090580596,0,0,False,0,0
352,1724061281748,0.0044,0.04466,sell,4090579083,SELL_PROFIT,True,4090578780,0,0,False,0,0
353,1724061298368,0.0044,0.04466,sell,4090579536,SELL_PROFIT,True,4090579245,0,0,False,0,0
354,1724054495922,0.0044,0.04487,sell,4090503698,SELL_PROFIT,True,4090503588,0,0,False,0,0
355,1724054589096,0.0044,0.04487,sell,4090504367,SELL_PROFIT,True,4090504334,0,0,False,0,0
356,1724056247559,0.0044,0.04489,sell,4090517483,SELL_PROFIT,True,4090517384,0,0,False,0,0
357,1724050653028,0.0044,0.04501,sell,4090469889,SELL_PROFIT,True,4090469800,0,0,False,0,0
358,1724050291555,0.0044,0.04502,sell,4090468133,SELL_PROFIT,True,4090468088,0,0,False,0,0
359,1724050119838,0.0044,0.04504,sell,4090466179,SELL_PROFIT,True,4090465882,0,0,False,0,0
360,1724050071310,0.0044,0.04505,sell,4090465505,SELL_PROFIT,True,4090465440,0,0,False,0,0
361,1724050055736,0.0044,0.04506,sell,4090465414,SELL_PROFIT,True,4090465180,0,0,False,0,0
362,1724046545435,0.0044,0.04508,sell,4090437284,SELL_PROFIT,True,4090437018,0,0,False,0,0
363,1724032085996,0.0044,0.04509,sell,4090397128,SELL_PROFIT,True,4090308309,0,0,False,0,0
364,1724032004062,0.0044,0.0451,sell,4090399577,SELL_PROFIT,True,4090307479,0,0,False,0,0
365,1724032334928,0.0044,0.04511,sell,4090398519,SELL_PROFIT,True,4090310808,0,0,False,0,0
366,1724031772913,0.0044,0.04513,sell,4090385686,SELL_PROFIT,True,4090304580,0,0,False,0,0
367,1724031601327,0.0044,0.04514,sell,4090386218,SELL_PROFIT,True,4090300344,0,0,False,0,0
368,1724031643989,0.0044,0.04514,sell,4090386219,SELL_PROFIT,True,4090302502,0,0,False,0,0
369,1724031666087,0.0044,0.04514,sell,4090386221,SELL_PROFIT,True,4090302707,0,0,False,0,0
370,1724031622916,0.0044,0.04516,sell,4090302453,SELL_PROFIT,True,4090302134,0,0,False,0,0
371,1724031709477,0.0044,0.04516,sell,4090303777,SELL_PROFIT,True,4090303589,0,0,False,0,0
372,1724036690061,0.0044,0.04518,sell,4090353618,SELL_PROFIT,True,4090353482,0,0,False,0,0
373,1724036733363,0.0044,0.04518,sell,4090354283,SELL_PROFIT,True,4090354028,0,0,False,0,0
374,1724038731017,0.0044,0.0452,sell,4090370065,SELL_PROFIT,True,4090369884,0,0,False,0,0
375,1724039048560,0.0044,0.04521,sell,4090372919,SELL_PROFIT,True,4090372863,0,0,False,0,0
376,1724038774764,0.0044,0.04522,sell,4090370787,SELL_PROFIT,True,4090370575,0,0,False,0,0
377,1724039111091,0.0044,0.04522,sell,4090373833,SELL_PROFIT,True,4090373665,0,0,False,0,0
378,1724040150471,0.0044,0.04524,sell,4090385408,SELL_PROFIT,True,4090385308,0,0,False,0,0
379,1724040296399,0.0044,0.04525,sell,4090386357,SELL_PROFIT,True,4090386327,0,0,False,0,0
380,1723504794896,0.0043,0.04617,sell,4083159631,SELL_PROFIT,True,4083107965,0,0,False,0,0
381,1723504817912,0.0043,0.04617,sell,4083159637,SELL_PROFIT,True,4083110401,0,0,False,0,0
382,1723504784146,0.0043,0.04618,sell,4083160127,SELL_PROFIT,True,4083105382,0,0,False,0,0
383,1723504806296,0.0043,0.04618,sell,4083160153,SELL_PROFIT,True,4083109141,0,0,False,0,0
384,1723504896873,0.0043,0.04618,sell,4083160161,SELL_PROFIT,True,4083117110,0,0,False,0,0
385,1723504829559,0.0043,0.04619,sell,4083112910,SELL_PROFIT,True,4083111714,0,0,False,0,0
386,1723504928804,0.0043,0.0462,sell,4083118710,SELL_PROFIT,True,4083118361,0,0,False,0,0
387,1723504841409,0.0043,0.04621,sell,4083114178,SELL_PROFIT,True,4083113118,0,0,False,0,0
388,1723504884609,0.0043,0.04621,sell,4083117048,SELL_PROFIT,True,4083115955,0,0,False,0,0
389,1723504852447,0.0043,0.04622,sell,4083114791,SELL_PROFIT,True,4083114292,0,0,False,0,0
390,1722818301646,0.0043,0.04624,sell,4063907453,SELL_PROFIT,True,4063906337,0,0,False,0,0
391,1723506509947,0.0043,0.04624,sell,4083161680,SELL_PROFIT,True,4083161441,0,0,False,0,0
392,1723506522756,0.0043,0.04626,sell,4083161987,SELL_PROFIT,True,4083161705,0,0,False,0,0
393,1722818280281,0.0043,0.04628,sell,4063904935,SELL_PROFIT,True,4063904547,0,0,False,0,0
394,1722818239382,0.0043,0.04629,sell,4063901421,SELL_PROFIT,True,4063898979,0,0,False,0,0
395,1722818290949,0.0043,0.04629,sell,4063905864,SELL_PROFIT,True,4063905132,0,0,False,0,0
396,1722818193747,0.0043,0.0463,sell,4063896807,SELL_PROFIT,True,4063896137,0,0,False,0,0
397,1722817488269,0.0043,0.04634,sell,4063889416,SELL_PROFIT,True,4063866373,0,0,False,0,0
398,1722817340172,0.0043,0.04636,sell,4063872698,SELL_PROFIT,True,4063859173,0,0,False,0,0
399,1722817361734,0.0043,0.04636,sell,4063872708,SELL_PROFIT,True,4063859816,0,0,False,0,0
400,1722817146656,0.0043,0.04637,sell,4063851545,SELL_PROFIT,True,4063851255,0,0,False,0,0
401,1722817106577,0.0043,0.0464,sell,4063849810,SELL_PROFIT,True,4063849345,0,0,False,0,0
402,1722817309600,0.0043,0.0464,sell,4063858171,SELL_PROFIT,True,4063857987,0,0,False,0,0
403,1722817559359,0.0043,0.04641,sell,4063869848,SELL_PROFIT,True,4063869493,0,0,False,0,0
404,1722817048432,0.0043,0.04642,sell,4063846361,SELL_PROFIT,True,4063846058,0,0,False,0,0
405,1722817068178,0.0043,0.04642,sell,4063847125,SELL_PROFIT,True,4063846729,0,0,False,0,0
406,1722817116808,0.0043,0.04643,sell,4063850488,SELL_PROFIT,True,4063849899,0,0,False,0,0
407,1722814935646,0.0043,0.04644,sell,4063789795,SELL_PROFIT,True,4063789687,0,0,False,0,0
408,1722814912879,0.0043,0.04645,sell,4063789585,SELL_PROFIT,True,4063789486,0,0,False,0,0
409,1722814862078,0.0043,0.04646,sell,4063789075,SELL_PROFIT,True,4063788992,0,0,False,0,0
410,1722814872190,0.0043,0.04647,sell,4063789176,SELL_PROFIT,True,4063789087,0,0,False,0,0
411,1722814753412,0.0043,0.04648,sell,4063787983,SELL_PROFIT,True,4063787929,0,0,False,0,0
412,1722814474029,0.0043,0.04649,sell,4063784312,SELL_PROFIT,True,4063784210,0,0,False,0,0
413,1722814433273,0.0043,0.04651,sell,4063783587,SELL_PROFIT,True,4063783386,0,0,False,0,0
414,1722814493819,0.0043,0.04651,sell,4063784643,SELL_PROFIT,True,4063784577,0,0,False,0,0
415,1722814444812,0.0043,0.04652,sell,4063783760,SELL_PROFIT,True,4063783623,0,0,False,0,0
416,1722814570234,0.0043,0.04652,sell,4063785733,SELL_PROFIT,True,4063785586,0,0,False,0,0
417,1722811746103,0.0043,0.0466,sell,4063747618,SELL_PROFIT,True,4063747442,0,0,False,0,0
418,1722811643277,0.0043,0.04661,sell,4063746199,SELL_PROFIT,True,4063746092,0,0,False,0,0
419,1722811676904,0.0043,0.04662,sell,4063746689,SELL_PROFIT,True,4063746588,0,0,False,0,0
420,1722811299157,0.0043,0.04663,sell,4063742516,SELL_PROFIT,True,4063742436,0,0,False,0,0
421,1722811333209,0.0043,0.04664,sell,4063742873,SELL_PROFIT,True,4063742807,0,0,False,0,0
422,1722810890522,0.0043,0.04665,sell,4063737232,SELL_PROFIT,True,4063737099,0,0,False,0,0
423,1722810900525,0.0043,0.04666,sell,4063737303,SELL_PROFIT,True,4063737259,0,0,False,0,0
424,1722810801980,0.0042,0.04667,sell,4063735876,SELL_PROFIT,True,4063735749,0,0,False,0,0
425,1722810812494,0.0043,0.04667,sell,4063736028,SELL_PROFIT,True,4063735890,0,0,False,0,0
426,1722810744072,0.0042,0.04669,sell,4063735120,SELL_PROFIT,True,4063734972,0,0,False,0,0
427,1722810703543,0.0042,0.0467,sell,4063734421,SELL_PROFIT,True,4063734310,0,0,False,0,0
428,1722805989857,0.0042,0.04677,sell,4063687353,SELL_PROFIT,True,4063640655,0,0,False,0,0
429,1722806515699,0.0042,0.04679,sell,4063683016,SELL_PROFIT,True,4063648266,0,0,False,0,0
430,1722807412738,0.0042,0.0468,sell,4063683174,SELL_PROFIT,True,4063664489,0,0,False,0,0
431,1722807423154,0.0042,0.04681,sell,4063666332,SELL_PROFIT,True,4063665490,0,0,False,0,0
432,1722806525830,0.0042,0.04682,sell,4063655377,SELL_PROFIT,True,4063648974,0,0,False,0,0
433,1722806535457,0.0042,0.04682,sell,4063655399,SELL_PROFIT,True,4063649257,0,0,False,0,0
434,1722806690813,0.0042,0.04683,sell,4063651586,SELL_PROFIT,True,4063651495,0,0,False,0,0
435,1722806565343,0.0042,0.04685,sell,4063650325,SELL_PROFIT,True,4063650114,0,0,False,0,0
436,1722806575841,0.0042,0.04686,sell,4063650547,SELL_PROFIT,True,4063650425,0,0,False,0,0
437,1722806586351,0.0042,0.04686,sell,4063650623,SELL_PROFIT,True,4063650569,0,0,False,0,0
438,1722806747763,0.0042,0.04688,sell,4063652523,SELL_PROFIT,True,4063652390,0,0,False,0,0
439,1722806849613,0.0042,0.04688,sell,4063653334,SELL_PROFIT,True,4063653262,0,0,False,0,0
440,1722806997358,0.0042,0.04688,sell,4063656784,SELL_PROFIT,True,4063656743,0,0,False,0,0
441,1722807102098,0.0042,0.0469,sell,4063657733,SELL_PROFIT,True,4063657718,0,0,False,0,0
442,1722808355993,0.0042,0.04691,sell,4063683554,SELL_PROFIT,True,4063683185,0,0,False,0,0
443,1722806938520,0.0042,0.04692,sell,4063655518,SELL_PROFIT,True,4063655463,0,0,False,0,0
444,1722806948855,0.0042,0.04692,sell,4063655995,SELL_PROFIT,True,4063655532,0,0,False,0,0
445,1722786964222,0.0041,0.04805,sell,4062947115,SELL_PROFIT,True,4062853727,0,0,False,0,0
446,1722786811262,0.0041,0.04806,sell,4062947442,SELL_PROFIT,True,4062850551,0,0,False,0,0
447,1722786746149,0.0041,0.04807,sell,4062950303,SELL_PROFIT,True,4062848283,0,0,False,0,0
448,1722786581123,0.0041,0.04808,sell,4062954470,SELL_PROFIT,True,4062843109,0,0,False,0,0
449,1722785971268,0.0041,0.04809,sell,4062954808,SELL_PROFIT,True,4062829433,0,0,False,0,0
450,1722785942168,0.0041,0.0481,sell,4062956439,SELL_PROFIT,True,4062828065,0,0,False,0,0
451,1722785961804,0.0041,0.04811,sell,4062829387,SELL_PROFIT,True,4062829060,0,0,False,0,0
452,1722785951542,0.0041,0.04812,sell,4062828902,SELL_PROFIT,True,4062828512,0,0,False,0,0
453,1722786025339,0.0041,0.04812,sell,4062830958,SELL_PROFIT,True,4062830713,0,0,False,0,0
454,1722786141990,0.0041,0.04814,sell,4062833355,SELL_PROFIT,True,4062833198,0,0,False,0,0
455,1722784273920,0.0041,0.04816,sell,4062778735,SELL_PROFIT,True,4062778480,0,0,False,0,0
456,1722786316177,0.0041,0.04816,sell,4062837098,SELL_PROFIT,True,4062836769,0,0,False,0,0
457,1722784254811,0.0041,0.04817,sell,4062777994,SELL_PROFIT,True,4062777655,0,0,False,0,0
458,1722786187078,0.0041,0.04817,sell,4062834762,SELL_PROFIT,True,4062834577,0,0,False,0,0
459,1722784227983,0.0041,0.0482,sell,4062776987,SELL_PROFIT,True,4062776493,0,0,False,0,0
460,1722745475924,0.0041,0.04821,sell,4062765489,SELL_PROFIT,True,4062262656,0,0,False,0,0
461,1722760910508,0.0041,0.04822,sell,4062760517,SELL_PROFIT,True,4062423776,0,0,False,0,0
462,1722762515134,0.0041,0.04823,sell,4062760526,SELL_PROFIT,True,4062441238,0,0,False,0,0
463,1722762601045,0.0041,0.04824,sell,4062760536,SELL_PROFIT,True,4062442051,0,0,False,0,0
464,1722783453152,0.0041,0.04824,sell,4062760798,SELL_PROFIT,True,4062743591,0,0,False,0,0
465,1722783622996,0.0041,0.04826,sell,4062762069,SELL_PROFIT,True,4062750840,0,0,False,0,0
466,1722783248067,0.0041,0.04827,sell,4062732057,SELL_PROFIT,True,4062731762,0,0,False,0,0
467,1722783658120,0.0041,0.04828,sell,4062752521,SELL_PROFIT,True,4062752374,0,0,False,0,0
468,1722783362803,0.0041,0.04829,sell,4062740573,SELL_PROFIT,True,4062740427,0,0,False,0,0
469,1722783372511,0.0041,0.04829,sell,4062740912,SELL_PROFIT,True,4062740635,0,0,False,0,0
470,1722783317078,0.0041,0.0483,sell,4062738731,SELL_PROFIT,True,4062738142,0,0,False,0,0
471,1722783269248,0.0041,0.04832,sell,4062736268,SELL_PROFIT,True,4062734806,0,0,False,0,0
472,1722783297967,0.0041,0.04833,sell,4062737609,SELL_PROFIT,True,4062737228,0,0,False,0,0
473,1722783278844,0.0041,0.04834,sell,4062736825,SELL_PROFIT,True,4062736417,0,0,False,0,0
474,1722783907692,0.0041,0.04834,sell,4062762892,SELL_PROFIT,True,4062762633,0,0,False,0,0
475,1722783896802,0.0041,0.04836,sell,4062762506,SELL_PROFIT,True,4062762230,0,0,False,0,0
476,1722783869002,0.0041,0.04837,sell,4062761496,SELL_PROFIT,True,4062761087,0,0,False,0,0
477,1722783878447,0.0041,0.04837,sell,4062761828,SELL_PROFIT,True,4062761569,0,0,False,0,0
478,1724269542484,0.0046,0.04281,buy,4093147664,BUY_PROFIT,True,4093147324,0,0,False,0,0
479,1723344333530,0.0046,0.0428,buy,4079894725,BUY_PROFIT,True,4079894702,0,0,False,0,0
480,1723344180548,0.0046,0.04279,buy,4079894129,BUY_PROFIT,True,4079894109,0,0,False,0,0
481,1723342784896,0.0046,0.04278,buy,4079884557,BUY_PROFIT,True,4079884491,0,0,False,0,0
482,1723342827902,0.0046,0.04277,buy,4079884859,BUY_PROFIT,True,4079884767,0,0,False,0,0
483,1723342840094,0.0046,0.04276,buy,4079884919,BUY_PROFIT,True,4079884869,0,0,False,0,0
484,1723338733831,0.0046,0.04275,buy,4079854891,BUY_PROFIT,True,4079854819,0,0,False,0,0
485,1723338711843,0.0046,0.04274,buy,4079854692,BUY_PROFIT,True,4079854678,0,0,False,0,0
486,1723338690747,0.0046,0.04273,buy,4079854578,BUY_PROFIT,True,4079854511,0,0,False,0,0
487,1723337924671,0.0046,0.04271,buy,4079848704,BUY_PROFIT,True,4079848678,0,0,False,0,0
488,1723338081509,0.0046,0.04271,buy,4079849864,BUY_PROFIT,True,4079849791,0,0,False,0,0
489,1723338288739,0.0046,0.0427,buy,4079851678,BUY_PROFIT,True,4079851516,0,0,False,0,0
490,1724278371856,0.0046,0.0427,buy,4093275261,BUY_PROFIT,True,4093275007,0,0,False,0,0
491,1724283362733,0.0046,0.04269,buy,4093314833,BUY_PROFIT,True,4093314692,0,0,False,0,0
492,1724475653414,0.0046,0.04267,buy,4095492217,BUY_PROFIT,True,4095491965,0,0,False,0,0
493,1724486248126,0.0046,0.04266,buy,4095567442,BUY_PROFIT,True,4095567124,0,0,False,0,0
494,1724486430455,0.0046,0.04265,buy,4095569310,BUY_PROFIT,True,4095569047,0,0,False,0,0
495,1723217662716,0.0046,0.04259,buy,4079726896,BUY_PROFIT,True,4078516034,0,0,False,0,0
496,1723313590452,0.0046,0.04258,buy,4079729627,BUY_PROFIT,True,4079650371,0,0,False,0,0
497,1723217737851,0.0046,0.04257,buy,4079728109,BUY_PROFIT,True,4078518204,0,0,False,0,0
498,1723217764128,0.0046,0.04257,buy,4079728111,BUY_PROFIT,True,4078519780,0,0,False,0,0
499,1723217751232,0.0046,0.04255,buy,4079023353,BUY_PROFIT,True,4078519366,0,0,False,0,0
500,1723217814706,0.0046,0.04255,buy,4079023355,BUY_PROFIT,True,4078521866,0,0,False,0,0
501,1723218729353,0.0046,0.04255,buy,4079023376,BUY_PROFIT,True,4078547012,0,0,False,0,0
502,1723217801904,0.0046,0.04254,buy,4079022217,BUY_PROFIT,True,4078520937,0,0,False,0,0
503,1723218906546,0.0046,0.04252,buy,4078550999,BUY_PROFIT,True,4078550845,0,0,False,0,0
504,1723219029723,0.0046,0.04252,buy,4078554055,BUY_PROFIT,True,4078553806,0,0,False,0,0
505,1723219503420,0.0046,0.04249,buy,4078569076,BUY_PROFIT,True,4078568358,0,0,False,0,0
506,1723233388725,0.0046,0.04249,buy,4078760221,BUY_PROFIT,True,4078760122,0,0,False,0,0
507,1723233463773,0.0046,0.04248,buy,4078760980,BUY_PROFIT,True,4078760842,0,0,False,0,0
508,1723233549221,0.0046,0.04247,buy,4078761858,BUY_PROFIT,True,4078761712,0,0,False,0,0
509,1723233611374,0.0046,0.04247,buy,4078763399,BUY_PROFIT,True,4078763046,0,0,False,0,0
510,1723233624542,0.0046,0.04246,buy,4078763581,BUY_PROFIT,True,4078763445,0,0,False,0,0
511,1723234027154,0.0046,0.04244,buy,4078767002,BUY_PROFIT,True,4078766943,0,0,False,0,0
512,1723234075262,0.0046,0.04244,buy,4078767309,BUY_PROFIT,True,4078767213,0,0,False,0,0
513,1723237485124,0.0046,0.04242,buy,4078802129,BUY_PROFIT,True,4078802051,0,0,False,0,0
514,1723237510269,0.0046,0.04241,buy,4078803620,BUY_PROFIT,True,4078802555,0,0,False,0,0
515,1723245899315,0.0046,0.04241,buy,4078923393,BUY_PROFIT,True,4078923366,0,0,False,0,0
516,1723246446485,0.0046,0.04239,buy,4078929548,BUY_PROFIT,True,4078929148,0,0,False,0,0
517,1723246460334,0.0046,0.04239,buy,4078929729,BUY_PROFIT,True,4078929625,0,0,False,0,0
518,1723250351296,0.0046,0.04239,buy,4079005330,BUY_PROFIT,True,4079004937,0,0,False,0,0
519,1723251110642,0.0046,0.04237,buy,4079022401,BUY_PROFIT,True,4079022334,0,0,False,0,0
520,1723250634940,0.0046,0.04236,buy,4079012699,BUY_PROFIT,True,4079012408,0,0,False,0,0
521,1724695289281,0.0047,0.04225,buy,4097456330,BUY_PROFIT,True,4097367532,0,0,False,0,0
522,1724695674795,0.0047,0.04222,buy,4097452957,BUY_PROFIT,True,4097375245,0,0,False,0,0
523,1724695697006,0.0047,0.04222,buy,4097452978,BUY_PROFIT,True,4097375663,0,0,False,0,0
524,1724695739881,0.0047,0.04221,buy,4097452979,BUY_PROFIT,True,4097377713,0,0,False,0,0
525,1724697192267,0.0047,0.04219,buy,4097402989,BUY_PROFIT,True,4097402922,0,0,False,0,0
526,1724695784127,0.0047,0.04217,buy,4097381038,BUY_PROFIT,True,4097380481,0,0,False,0,0
527,1724695807830,0.0047,0.04217,buy,4097381520,BUY_PROFIT,True,4097381175,0,0,False,0,0
528,1724695829549,0.0047,0.04216,buy,4097382112,BUY_PROFIT,True,4097381584,0,0,False,0,0
529,1724696069548,0.0047,0.04216,buy,4097386586,BUY_PROFIT,True,4097386107,0,0,False,0,0
530,1724695873450,0.0047,0.04215,buy,4097382961,BUY_PROFIT,True,4097382601,0,0,False,0,0
531,1724696223009,0.0047,0.04213,buy,4097389983,BUY_PROFIT,True,4097388820,0,0,False,0,0
532,1724696289414,0.0047,0.04212,buy,4097392054,BUY_PROFIT,True,4097391688,0,0,False,0,0
533,1724700532596,0.0047,0.04211,buy,4097429803,BUY_PROFIT,True,4097429613,0,0,False,0,0
534,1724702336943,0.0047,0.0421,buy,4097445041,BUY_PROFIT,True,4097444881,0,0,False,0,0
535,1724702223101,0.0047,0.04209,buy,4097443523,BUY_PROFIT,True,4097443343,0,0,False,0,0
536,1724702425997,0.0047,0.04209,buy,4097446701,BUY_PROFIT,True,4097446464,0,0,False,0,0
537,1724702892787,0.0047,0.04207,buy,4097450370,BUY_PROFIT,True,4097450255,0,0,False,0,0
538,1724702984081,0.0047,0.04206,buy,4097452500,BUY_PROFIT,True,4097452381,0,0,False,0,0
539,1724703009166,0.0047,0.04206,buy,4097453047,BUY_PROFIT,True,4097452540,0,0,False,0,0
540,1724703097302,0.0047,0.04205,buy,4097453711,BUY_PROFIT,True,4097453585,0,0,False,0,0
541,1724702961878,0.0047,0.04203,buy,4097452358,BUY_PROFIT,True,4097451792,0,0,False,0,0
542,1723102306888,0.0047,0.04201,buy,4076587431,BUY_PROFIT,True,4075833210,0,0,False,0,0
543,1723102390130,0.0047,0.042,buy,4076583247,BUY_PROFIT,True,4075835644,0,0,False,0,0
544,1723102465811,0.0047,0.04199,buy,4076583249,BUY_PROFIT,True,4075838508,0,0,False,0,0
545,1723102411705,0.0047,0.04198,buy,4076568508,BUY_PROFIT,True,4075836478,0,0,False,0,0
546,1723102455457,0.0047,0.04198,buy,4076568518,BUY_PROFIT,True,4075838285,0,0,False,0,0
547,1723102423144,0.0047,0.04196,buy,4075837712,BUY_PROFIT,True,4075837405,0,0,False,0,0
548,1723102433887,0.0047,0.04196,buy,4075837991,BUY_PROFIT,True,4075837781,0,0,False,0,0
549,1723102654142,0.0047,0.04195,buy,4075841881,BUY_PROFIT,True,4075841741,0,0,False,0,0
550,1723131224148,0.0047,0.04194,buy,4076561378,BUY_PROFIT,True,4076561186,0,0,False,0,0
551,1723131266144,0.0047,0.04192,buy,4076562366,BUY_PROFIT,True,4076562247,0,0,False,0,0
552,1723131299443,0.0047,0.04191,buy,4076563289,BUY_PROFIT,True,4076563197,0,0,False,0,0
553,1723131288682,0.0047,0.0419,buy,4076563156,BUY_PROFIT,True,4076562949,0,0,False,0,0
554,1723131469805,0.0047,0.0419,buy,4076573152,BUY_PROFIT,True,4076572862,0,0,False,0,0
555,1723131381809,0.0047,0.04189,buy,4076566954,BUY_PROFIT,True,4076565299,0,0,False,0,0
556,1723131489700,0.0047,0.04187,buy,4076573950,BUY_PROFIT,True,4076573606,0,0,False,0,0
557,1723131512843,0.0047,0.04186,buy,4076574277,BUY_PROFIT,True,4076574168,0,0,False,0,0
558,1723131581626,0.0047,0.04186,buy,4076576043,BUY_PROFIT,True,4076575857,0,0,False,0,0
559,1723131448845,0.0047,0.04184,buy,4076572373,BUY_PROFIT,True,4076571686,0,0,False,0,0
560,1723131404232,0.0047,0.04183,buy,4076569242,BUY_PROFIT,True,4076568828,0,0,False,0,0
561,1723131425665,0.0047,0.04183,buy,4076570271,BUY_PROFIT,True,4076569980,0,0,False,0,0
562,1723131866938,0.0047,0.04181,buy,4076583521,BUY_PROFIT,True,4076583330,0,0,False,0,0
563,1723131393771,0.0047,0.0418,buy,4076568681,BUY_PROFIT,True,4076567428,0,0,False,0,0
564,1722824572358,0.0047,0.04179,buy,4064899255,BUY_PROFIT,True,4064897747,0,0,False,0,0
565,1722824538181,0.0047,0.04169,buy,4064895165,BUY_PROFIT,True,4064894389,0,0,False,0,0
566,1722824526926,0.0047,0.04167,buy,4064894018,BUY_PROFIT,True,4064892562,0,0,False,0,0
567,1722824514104,0.0047,0.04164,buy,4064892025,BUY_PROFIT,True,4064890394,0,0,False,0,0
568,1722824300233,0.0047,0.04161,buy,4064882970,BUY_PROFIT,True,4064859994,0,0,False,0,0
569,1722824311944,0.0047,0.04157,buy,4064864623,BUY_PROFIT,True,4064863109,0,0,False,0,0
570,1722824388589,0.0047,0.04154,buy,4064874334,BUY_PROFIT,True,4064873108,0,0,False,0,0
571,1722824376623,0.0047,0.04151,buy,4064872702,BUY_PROFIT,True,4064871658,0,0,False,0,0
572,1722824434834,0.0047,0.04148,buy,4064880374,BUY_PROFIT,True,4064879469,0,0,False,0,0
573,1722824333934,0.0047,0.04146,buy,4064867865,BUY_PROFIT,True,4064866720,0,0,False,0,0
574,1722824289175,0.0047,0.04145,buy,4064859510,BUY_PROFIT,True,4064857329,0,0,False,0,0
575,1722824412629,0.0048,0.04144,buy,4064877938,BUY_PROFIT,True,4064876496,0,0,False,0,0
576,1722824480516,0.0047,0.04144,buy,4064885978,BUY_PROFIT,True,4064885196,0,0,False,0,0
577,1722824277157,0.0048,0.04142,buy,4064856699,BUY_PROFIT,True,4064854945,0,0,False,0,0
578,1722824467586,0.0048,0.04141,buy,4064884692,BUY_PROFIT,True,4064883493,0,0,False,0,0
579,1722820305729,0.0048,0.04133,buy,4064211467,BUY_PROFIT,True,4064209892,0,0,False,0,0
580,1722820315647,0.0048,0.04133,buy,4064213031,BUY_PROFIT,True,4064211809,0,0,False,0,0
581,1722824265726,0.0048,0.04123,buy,4064854223,BUY_PROFIT,True,4064852375,0,0,False,0,0
582,1722824254300,0.0047,0.0412,buy,4064851563,BUY_PROFIT,True,4064848317,0,0,False,0,0
583,1722820294791,0.0048,0.04116,buy,4064209458,BUY_PROFIT,True,4064208097,0,0,False,0,0
584,1722820282794,0.0048,0.04078,buy,4064207685,BUY_PROFIT,True,4064206551,0,0,False,0,0
585,1722820269159,0.0049,0.04043,buy,4064205950,BUY_PROFIT,True,4064204813,0,0,False,0,0
