,TIMESTAMP,AMOUNT,PRICE,SIDE,ORDERID,LIST,OFFLOAD,ORDERSRCID,S_PRICE,B_PRICE
0,1722094445650,0.0021,0.0477761904761904,sell,4051971452,WAIT_SELL,False,0,0.04778,0
1,1722094583476,0.0021,0.047747619047619,sell,4051974824,WAIT_SELL,False,0,0.04776,0
2,1722094593140,0.0021,0.0477666666666666,sell,4051975236,WAIT_SELL,False,0,0.04777,0
3,1722095204537,0.0021,0.047747619047619,sell,4051984717,WAIT_SELL,False,0,0.04775,0
4,1722095223716,0.0021,0.0477095238095238,sell,4051986734,WAIT_SELL,False,0,0.04771,0
5,1722095240811,0.0021,0.0476857142857142,sell,4051987574,WAIT_SELL,False,0,0.0477,0
6,1722095251397,0.0021,0.0476857142857142,sell,4051988034,WAIT_SELL,False,0,0.04769,0
7,1722095328723,0.0021,0.0477190476190476,sell,4051990151,WAIT_SELL,False,0,0.04772,0
8,1722095440200,0.0021,0.0476666666666666,sell,4051992791,WAIT_SELL,False,0,0.04767,0
9,1722095449619,0.0021,0.0476761904761904,sell,4051992925,WAIT_SELL,False,0,0.04768,0
10,1722095774044,0.0021,0.0476571428571428,sell,4051996991,WAIT_SELL,False,0,0.04766,0
11,1722095890420,0.0021,0.047647619047619,sell,4051997959,WAIT_SELL,False,0,0.04765,0
12,1722096256465,0.0021,0.0476380952380952,sell,4052002251,WAIT_SELL,False,0,0.04764,0
13,1722096547221,0.0021,0.0476285714285714,sell,4052006220,WAIT_SELL,False,0,0.04763,0
14,1722096567440,0.0021,0.0476190476190476,sell,4052006584,WAIT_SELL,False,0,0.04762,0
15,1722104606565,0.0022,0.0474681818181818,sell,4052111691,WAIT_SELL,False,0,0.04749,0
16,1722104620680,0.0022,0.0474681818181818,sell,4052111847,WAIT_SELL,False,0,0.04747,0
17,1722104707273,0.0022,0.0474772727272727,sell,4052113556,WAIT_SELL,False,0,0.04748,0
18,1722104984009,0.0022,0.0474590909090909,sell,4052115967,WAIT_SELL,False,0,0.04746,0
19,1722105270823,0.0022,0.04745,sell,4052119369,WAIT_SELL,False,0,0.04745,0
20,1722105480761,0.0022,0.0474272727272727,sell,4052121843,WAIT_SELL,False,0,0.04744,0
21,1722105494611,0.0022,0.0474272727272727,sell,4052121998,WAIT_SELL,False,0,0.04743,0
22,1722105531314,0.0022,0.0474181818181818,sell,4052122317,WAIT_SELL,False,0,0.04742,0
23,1722105583076,0.0022,0.0474090909090909,sell,4052122759,WAIT_SELL,False,0,0.04741,0
24,1722105643029,0.0022,0.0474,sell,4052123262,WAIT_SELL,False,0,0.0474,0
25,1722105754285,0.0022,0.0473863636363636,sell,4052124039,WAIT_SELL,False,0,0.04739,0
26,1722105939988,0.0022,0.0473772727272727,sell,4052126142,WAIT_SELL,False,0,0.04738,0
27,1722106023435,0.0022,0.0473681818181818,sell,4052126998,WAIT_SELL,False,0,0.04737,0
28,1722106601706,0.0022,0.0473363636363636,sell,4052139393,WAIT_SELL,False,0,0.04735,0
29,1722106614350,0.0022,0.0473272727272727,sell,4052139778,WAIT_SELL,False,0,0.04734,0
30,1722106763934,0.0022,0.0473863636363636,sell,4052142651,WAIT_SELL,False,0,0.04736,0
31,1722108109233,0.0022,0.0473181818181818,sell,4052177787,WAIT_SELL,False,0,0.04733,0
32,1722108121546,0.0022,0.0473181818181818,sell,4052178035,WAIT_SELL,False,0,0.04732,0
33,1722110527968,0.0021,0.0477285714285714,sell,4052236556,WAIT_SELL,False,0,0.04773,0
34,1722110655134,0.0021,0.047747619047619,sell,4052241430,WAIT_SELL,False,0,0.04774,0
35,1722110953610,0.0022,0.0476,sell,4052251325,WAIT_SELL,False,0,0.04761,0
36,1722110966249,0.0022,0.0476090909090909,sell,4052251674,WAIT_SELL,False,0,0.0476,0
37,1722110986321,0.0022,0.0475863636363636,sell,4052252246,WAIT_SELL,False,0,0.04759,0
38,1722110996803,0.0022,0.0475772727272727,sell,4052252542,WAIT_SELL,False,0,0.04758,0
39,1722111019096,0.0022,0.0475681818181818,sell,4052253129,WAIT_SELL,False,0,0.04757,0
40,1722113141889,0.0021,0.047647619047619,sell,4052366683,WAIT_SELL,False,0,0.04782,0
41,1722113168963,0.0021,0.047747619047619,sell,4052373710,WAIT_SELL,False,0,0.04784,0
42,1722124919830,0.0021,0.0478,sell,4052653978,WAIT_SELL,False,0,0.04781,0
43,1722124929086,0.0021,0.0477857142857142,sell,4052654269,WAIT_SELL,False,0,0.0478,0
44,1722124938131,0.0021,0.0477857142857142,sell,4052654429,WAIT_SELL,False,0,0.04779,0
45,1722212205753,0.0021,0.0478190476190476,sell,4053371063,WAIT_SELL,False,0,0.04783,0
46,1722224707313,0.0021,0.0481571428571428,sell,4053574415,WAIT_SELL,False,0,0.04816,0
47,1722224809523,0.0021,0.0481761904761904,sell,4053575625,WAIT_SELL,False,0,0.04818,0
48,1722224921226,0.0021,0.0482095238095238,sell,4053577183,WAIT_SELL,False,0,0.04821,0
49,1722225006666,0.0021,0.0482190476190476,sell,4053577834,WAIT_SELL,False,0,0.04822,0
50,1722226564115,0.0021,0.0482666666666666,sell,4053604974,WAIT_SELL,False,0,0.04827,0
51,1722226623933,0.0021,0.0482571428571428,sell,4053605399,WAIT_SELL,False,0,0.04826,0
52,1722226642237,0.0021,0.048247619047619,sell,4053605723,WAIT_SELL,False,0,0.04825,0
53,1722226694024,0.0021,0.0482380952380952,sell,4053606469,WAIT_SELL,False,0,0.04824,0
54,1722227238374,0.0021,0.0482285714285714,sell,4053613255,WAIT_SELL,False,0,0.04823,0
55,1722227536392,0.0021,0.0482,sell,4053616833,WAIT_SELL,False,0,0.0482,0
56,1722229809288,0.0021,0.0481666666666666,sell,4053636039,WAIT_SELL,False,0,0.04817,0
57,1722235523024,0.0021,0.0484190476190476,sell,4053717489,WAIT_SELL,False,0,0.04842,0
58,1722240776841,0.0021,0.0484095238095238,sell,4053773078,WAIT_SELL,False,0,0.04841,0
59,1722256797371,0.0021,0.0484,sell,4053950565,WAIT_SELL,False,0,0.0484,0
60,1722256839528,0.0021,0.0483761904761904,sell,4053951304,WAIT_SELL,False,0,0.04838,0
61,1722256849320,0.0021,0.0483857142857142,sell,4053951424,WAIT_SELL,False,0,0.04839,0
62,1722257206343,0.0021,0.0483666666666666,sell,4053957076,WAIT_SELL,False,0,0.04837,0
63,1722257265753,0.0021,0.0483571428571428,sell,4053957671,WAIT_SELL,False,0,0.04836,0
64,1722257378104,0.0021,0.048347619047619,sell,4053959766,WAIT_SELL,False,0,0.04835,0
65,1722257489314,0.0021,0.0483380952380952,sell,4053961020,WAIT_SELL,False,0,0.04834,0
66,1722257662734,0.0021,0.0483285714285714,sell,4053962959,WAIT_SELL,False,0,0.04833,0
67,1722258340328,0.0021,0.0482761904761904,sell,4053971126,WAIT_SELL,False,0,0.04829,0
68,1722258357356,0.0021,0.0482666666666666,sell,4053971851,WAIT_SELL,False,0,0.04828,0
69,1722258495363,0.0021,0.0483095238095238,sell,4053976318,WAIT_SELL,False,0,0.04831,0
70,1722258504683,0.0021,0.0483190476190476,sell,4053976515,WAIT_SELL,False,0,0.04832,0
71,1722259075848,0.0021,0.0483,sell,4053986851,WAIT_SELL,False,0,0.0483,0
72,1722266211045,0.0021,0.0487095238095238,sell,4054170953,WAIT_SELL,False,0,0.04871,0
73,1722266219916,0.0021,0.0487190476190476,sell,4054171326,WAIT_SELL,False,0,0.04872,0
74,1722266256883,0.0021,0.0487095238095238,sell,4054175562,WAIT_SELL,False,0,0.0487,0
75,1722266325776,0.0021,0.0486571428571428,sell,4054178404,WAIT_SELL,False,0,0.04868,0
76,1722266334408,0.0021,0.048647619047619,sell,4054179367,WAIT_SELL,False,0,0.04865,0
77,1722266352726,0.0021,0.0486380952380952,sell,4054180328,WAIT_SELL,False,0,0.04864,0
78,1722266373088,0.0021,0.0486761904761904,sell,4054181185,WAIT_SELL,False,0,0.04867,0
79,1722266398910,0.0021,0.0486380952380952,sell,4054182316,WAIT_SELL,False,0,0.04866,0
80,1722266407572,0.0021,0.0486190476190476,sell,4054182662,WAIT_SELL,False,0,0.04863,0
81,1722266669025,0.0021,0.0486095238095238,sell,4054191775,WAIT_SELL,False,0,0.04861,0
82,1722266678346,0.0021,0.0486285714285714,sell,4054192171,WAIT_SELL,False,0,0.04862,0
83,1722266774732,0.0021,0.0485857142857142,sell,4054195447,WAIT_SELL,False,0,0.0486,0
84,1722266784294,0.0021,0.0485857142857142,sell,4054195609,WAIT_SELL,False,0,0.04859,0
85,1722266829807,0.0021,0.0485761904761904,sell,4054196598,WAIT_SELL,False,0,0.04858,0
86,1722267214101,0.0021,0.0485761904761904,sell,4054206815,WAIT_SELL,False,0,0.04857,0
87,1722267648629,0.0021,0.0485571428571428,sell,4054216965,WAIT_SELL,False,0,0.04856,0
88,1722267657309,0.0021,0.048547619047619,sell,4054217250,WAIT_SELL,False,0,0.04855,0
89,1722277513681,0.0021,0.0491571428571428,sell,4054480305,WAIT_SELL,False,0,0.04917,0
90,1722277523446,0.0021,0.0491190476190476,sell,4054480943,WAIT_SELL,False,0,0.04915,0
91,1722277534529,0.0021,0.0491190476190476,sell,4054481259,WAIT_SELL,False,0,0.04912,0
92,1722277552859,0.0021,0.0491,sell,4054481834,WAIT_SELL,False,0,0.0491,0
93,1722277629326,0.0021,0.0491190476190476,sell,4054482889,WAIT_SELL,False,0,0.04911,0
94,1722277665498,0.0021,0.0491380952380952,sell,4054483469,WAIT_SELL,False,0,0.04914,0
95,1722277778233,0.0021,0.0491285714285714,sell,4054484644,WAIT_SELL,False,0,0.04913,0
96,1722277848154,0.0021,0.0490666666666666,sell,4054486449,WAIT_SELL,False,0,0.04908,0
97,1722277856817,0.0021,0.0490666666666666,sell,4054486596,WAIT_SELL,False,0,0.04907,0
98,1722277950740,0.0021,0.0490571428571428,sell,4054488068,WAIT_SELL,False,0,0.04906,0
99,1722277959362,0.0021,0.049047619047619,sell,4054488411,WAIT_SELL,False,0,0.04905,0
100,1722277968233,0.0021,0.049047619047619,sell,4054488804,WAIT_SELL,False,0,0.04904,0
101,1722278005585,0.0021,0.0490857142857142,sell,4054489790,WAIT_SELL,False,0,0.04909,0
102,1722278174963,0.0021,0.0491571428571428,sell,4054493141,WAIT_SELL,False,0,0.04916,0
103,1722278209830,0.0021,0.0491761904761904,sell,4054493792,WAIT_SELL,False,0,0.04918,0
104,1722280607783,0.0021,0.0490285714285714,sell,4054523592,WAIT_SELL,False,0,0.04903,0
105,1722285388742,0.0021,0.0494095238095238,sell,4054587943,WAIT_SELL,False,0,0.04941,0
106,1722285473019,0.0021,0.0494,sell,4054588706,WAIT_SELL,False,0,0.0494,0
107,1722285498916,0.0021,0.0493857142857142,sell,4054588948,WAIT_SELL,False,0,0.04939,0
108,1722285534225,0.0021,0.0493761904761904,sell,4054589229,WAIT_SELL,False,0,0.04938,0
109,1722285683468,0.0021,0.0493666666666666,sell,4054590384,WAIT_SELL,False,0,0.04937,0
110,1722285759144,0.0021,0.0493571428571428,sell,4054590889,WAIT_SELL,False,0,0.04936,0
111,1722285775941,0.0021,0.049347619047619,sell,4054591169,WAIT_SELL,False,0,0.04935,0
112,1722285793991,0.0021,0.0493190476190476,sell,4054591739,WAIT_SELL,False,0,0.04932,0
113,1722285996850,0.0021,0.0493095238095238,sell,4054593337,WAIT_SELL,False,0,0.04931,0
114,1722286077021,0.0021,0.0493285714285714,sell,4054594085,WAIT_SELL,False,0,0.04933,0
115,1722286100280,0.0021,0.0493380952380952,sell,4054594274,WAIT_SELL,False,0,0.04934,0
116,1722286490778,0.0021,0.0492857142857142,sell,4054597487,WAIT_SELL,False,0,0.0493,0
117,1722286503654,0.0021,0.0492857142857142,sell,4054597521,WAIT_SELL,False,0,0.04929,0
118,1722289643486,0.0021,0.0494666666666666,sell,4054634715,WAIT_SELL,False,0,0.04947,0
119,1722289667634,0.0021,0.0494571428571428,sell,4054634942,WAIT_SELL,False,0,0.04946,0
120,1722289690898,0.0021,0.0494571428571428,sell,4054635236,WAIT_SELL,False,0,0.04945,0
121,1722290049545,0.0021,0.0495,sell,4054638234,WAIT_SELL,False,0,0.04948,0
122,1722290061130,0.0021,0.0495,sell,4054638365,WAIT_SELL,False,0,0.0495,0
123,1722293885742,0.0021,0.0495285714285714,sell,4054686893,WAIT_SELL,False,0,0.04955,0
124,1722293898583,0.0021,0.0495190476190476,sell,4054687117,WAIT_SELL,False,0,0.04953,0
125,1722293910722,0.0021,0.0495190476190476,sell,4054687245,WAIT_SELL,False,0,0.04952,0
126,1722356692090,0.002,0.05009,sell,4055533662,WAIT_SELL,False,0,0.05009,0
127,1722356807530,0.002,0.05008,sell,4055534866,WAIT_SELL,False,0,0.05008,0
128,1722356868197,0.002,0.05007,sell,4055535349,WAIT_SELL,False,0,0.05007,0
129,1722356917800,0.002,0.05006,sell,4055535888,WAIT_SELL,False,0,0.05006,0
130,1722356931258,0.002,0.05004,sell,4055536110,WAIT_SELL,False,0,0.05004,0
131,1722356968293,0.002,0.05003,sell,4055536691,WAIT_SELL,False,0,0.05003,0
132,1722356992866,0.002,0.05002,sell,4055536984,WAIT_SELL,False,0,0.05002,0
133,1722357713173,0.002,0.05001,sell,4055547996,WAIT_SELL,False,0,0.05001,0
134,1722370022018,0.0021,0.0495285714285714,sell,4055756151,WAIT_SELL,False,0,0.04954,0
135,1722370133346,0.0021,0.0495095238095238,sell,4055758668,WAIT_SELL,False,0,0.04951,0
136,1722370150129,0.0021,0.0494857142857142,sell,4055762832,WAIT_SELL,False,0,0.04949,0
137,1722370555448,0.0021,0.0494380952380952,sell,4055787011,WAIT_SELL,False,0,0.04944,0
138,1722370637740,0.0021,0.0494380952380952,sell,4055788892,WAIT_SELL,False,0,0.04943,0
139,1722371063564,0.0021,0.0494285714285714,sell,4055798110,WAIT_SELL,False,0,0.04942,0
140,1721762692935,0.0019,0.0528894736842105,buy,4046217027,WAIT_BUY,False,0,0,0.05289
141,1721762710450,0.0019,0.0529,buy,4046217461,WAIT_BUY,False,0,0,0.0529
142,1721762719762,0.0019,0.0529052631578947,buy,4046217788,WAIT_BUY,False,0,0,0.05291
143,1721762752287,0.0019,0.0529157894736842,buy,4046218463,WAIT_BUY,False,0,0,0.05292
144,1721762797257,0.0019,0.0529473684210526,buy,4046220389,WAIT_BUY,False,0,0,0.05293
145,1721762807006,0.0019,0.0529473684210526,buy,4046220589,WAIT_BUY,False,0,0,0.05295
146,1721762824082,0.0019,0.0529368421052631,buy,4046221002,WAIT_BUY,False,0,0,0.05294
147,1721762920380,0.0019,0.052978947368421,buy,4046226244,WAIT_BUY,False,0,0,0.05298
148,1721762929463,0.0019,0.053,buy,4046226799,WAIT_BUY,False,0,0,0.05299
149,1721762938149,0.0019,0.053,buy,4046226964,WAIT_BUY,False,0,0,0.053
150,1721762989178,0.0019,0.052978947368421,buy,4046228687,WAIT_BUY,False,0,0,0.05297
151,1721763040322,0.0019,0.0530368421052631,buy,4046232363,WAIT_BUY,False,0,0,0.05303
152,1721763064543,0.0019,0.0529684210526315,buy,4046234025,WAIT_BUY,False,0,0,0.05302
153,1721763108171,0.0019,0.0529578947368421,buy,4046236885,WAIT_BUY,False,0,0,0.05296
154,1721763272287,0.0019,0.0530052631578947,buy,4046242603,WAIT_BUY,False,0,0,0.05301
155,1721763897836,0.0019,0.0530473684210526,buy,4046264440,WAIT_BUY,False,0,0,0.05305
156,1721763906905,0.0019,0.0530578947368421,buy,4046264828,WAIT_BUY,False,0,0,0.05306
157,1721763931970,0.0019,0.0530263157894736,buy,4046265569,WAIT_BUY,False,0,0,0.05304
158,1721768947676,0.0019,0.0528894736842105,buy,4046376978,WAIT_BUY,False,0,0,0.05288
159,1721769206526,0.0019,0.0528684210526315,buy,4046380850,WAIT_BUY,False,0,0,0.05287
160,1721770109547,0.0019,0.0528157894736842,buy,4046389918,WAIT_BUY,False,0,0,0.05282
161,1721770127994,0.0019,0.0528263157894736,buy,4046390212,WAIT_BUY,False,0,0,0.05283
162,1721770137969,0.0019,0.0528368421052631,buy,4046390328,WAIT_BUY,False,0,0,0.05284
163,1721775736135,0.0019,0.0528684210526315,buy,4046467999,WAIT_BUY,False,0,0,0.05285
164,1721775759631,0.0019,0.0528578947368421,buy,4046469036,WAIT_BUY,False,0,0,0.05286
165,1721777458797,0.0019,0.0528,buy,4046513520,WAIT_BUY,False,0,0,0.0528
166,1721801462714,0.002,0.0523,buy,4046778662,WAIT_BUY,False,0,0,0.0523
167,1721816485278,0.002,0.05212,buy,4046920664,WAIT_BUY,False,0,0,0.05212
168,1721816498093,0.002,0.05214,buy,4046921054,WAIT_BUY,False,0,0,0.05213
169,1721816510945,0.002,0.05215,buy,4046921309,WAIT_BUY,False,0,0,0.05214
170,1721816523593,0.002,0.05215,buy,4046921513,WAIT_BUY,False,0,0,0.05215
171,1721816614412,0.002,0.05216,buy,4046922147,WAIT_BUY,False,0,0,0.05216
172,1721816643155,0.002,0.05217,buy,4046922552,WAIT_BUY,False,0,0,0.05217
173,1721816681167,0.002,0.05218,buy,4046922794,WAIT_BUY,False,0,0,0.05218
174,1721816771452,0.002,0.05219,buy,4046923614,WAIT_BUY,False,0,0,0.05219
175,1721818716440,0.002,0.0522,buy,4046937067,WAIT_BUY,False,0,0,0.0522
176,1721825251377,0.002,0.0521,buy,4046995054,WAIT_BUY,False,0,0,0.0521
177,1721825301878,0.002,0.05209,buy,4046996074,WAIT_BUY,False,0,0,0.05209
178,1721825366425,0.002,0.05208,buy,4046997979,WAIT_BUY,False,0,0,0.05208
179,1721829620092,0.002,0.05187,buy,4047081403,WAIT_BUY,False,0,0,0.05187
180,1721833837209,0.002,0.0515,buy,4047199490,WAIT_BUY,False,0,0,0.05149
181,1721833850496,0.002,0.0515,buy,4047199766,WAIT_BUY,False,0,0,0.0515
182,1721833976234,0.002,0.05152,buy,4047202585,WAIT_BUY,False,0,0,0.05152
183,1721834001220,0.002,0.05153,buy,4047203084,WAIT_BUY,False,0,0,0.05153
184,1721834014363,0.002,0.05153,buy,4047203370,WAIT_BUY,False,0,0,0.05154
185,1721834203519,0.002,0.05155,buy,4047206305,WAIT_BUY,False,0,0,0.05155
186,1721834436212,0.002,0.0515,buy,4047210814,WAIT_BUY,False,0,0,0.05151
187,1721834463039,0.002,0.05148,buy,4047212010,WAIT_BUY,False,0,0,0.05148
188,1721834949186,0.002,0.05157,buy,4047228478,WAIT_BUY,False,0,0,0.05156
189,1721834962783,0.002,0.05157,buy,4047228880,WAIT_BUY,False,0,0,0.05157
190,1721836056546,0.002,0.05158,buy,4047251362,WAIT_BUY,False,0,0,0.05158
191,1721836144147,0.002,0.0516,buy,4047253000,WAIT_BUY,False,0,0,0.05159
192,1721836158167,0.002,0.0516,buy,4047253478,WAIT_BUY,False,0,0,0.0516
193,1721836208359,0.002,0.05161,buy,4047254583,WAIT_BUY,False,0,0,0.05161
194,1721836246660,0.002,0.05162,buy,4047255601,WAIT_BUY,False,0,0,0.05162
195,1721836262621,0.002,0.05163,buy,4047255985,WAIT_BUY,False,0,0,0.05163
196,1721837175249,0.002,0.05164,buy,4047275070,WAIT_BUY,False,0,0,0.05164
197,1721844815218,0.002,0.05136,buy,4047392572,WAIT_BUY,False,0,0,0.05132
198,1721844828160,0.002,0.05136,buy,4047392837,WAIT_BUY,False,0,0,0.05136
199,1721844878373,0.002,0.05137,buy,4047393622,WAIT_BUY,False,0,0,0.05137
200,1721844945050,0.002,0.05138,buy,4047394999,WAIT_BUY,False,0,0,0.05139
201,1721844957509,0.002,0.05138,buy,4047395144,WAIT_BUY,False,0,0,0.05138
202,1721845047559,0.002,0.05135,buy,4047397048,WAIT_BUY,False,0,0,0.05135
203,1721845236295,0.002,0.05133,buy,4047401652,WAIT_BUY,False,0,0,0.05134
204,1721845250587,0.002,0.05133,buy,4047402612,WAIT_BUY,False,0,0,0.05133
205,1721847151977,0.002,0.05141,buy,4047463162,WAIT_BUY,False,0,0,0.05141
206,1721847164560,0.002,0.05142,buy,4047463685,WAIT_BUY,False,0,0,0.05142
207,1721847191921,0.002,0.05145,buy,4047464759,WAIT_BUY,False,0,0,0.05144
208,1721847204398,0.002,0.05146,buy,4047465186,WAIT_BUY,False,0,0,0.05145
209,1721847218061,0.002,0.051455,buy,4047465647,WAIT_BUY,False,0,0,0.05146
210,1721847243764,0.002,0.05147,buy,4047466203,WAIT_BUY,False,0,0,0.05147
211,1721847413451,0.002,0.05143,buy,4047470747,WAIT_BUY,False,0,0,0.05143
212,1721855960972,0.002,0.05096,buy,4047670359,WAIT_BUY,False,0,0,0.05095
213,1721855974178,0.002,0.05096,buy,4047670906,WAIT_BUY,False,0,0,0.05096
214,1721856061150,0.002,0.05092,buy,4047673842,WAIT_BUY,False,0,0,0.05093
215,1721856074027,0.002,0.05095,buy,4047674421,WAIT_BUY,False,0,0,0.05094
216,1721856135657,0.002,0.05092,buy,4047675517,WAIT_BUY,False,0,0,0.05092
217,1721856172829,0.002,0.05088,buy,4047676921,WAIT_BUY,False,0,0,0.05089
218,1721856185940,0.002,0.05088,buy,4047677146,WAIT_BUY,False,0,0,0.05088
219,1721857589103,0.002,0.05098,buy,4047726279,WAIT_BUY,False,0,0,0.05098
220,1721857603956,0.002,0.051,buy,4047726834,WAIT_BUY,False,0,0,0.051
221,1721857617072,0.002,0.05099,buy,4047727087,WAIT_BUY,False,0,0,0.05099
222,1721857784678,0.002,0.05098,buy,4047731303,WAIT_BUY,False,0,0,0.05097
223,1721857837446,0.002,0.05101,buy,4047732449,WAIT_BUY,False,0,0,0.05101
224,1721858017064,0.002,0.0509,buy,4047736224,WAIT_BUY,False,0,0,0.0509
225,1721858067795,0.002,0.05087,buy,4047737177,WAIT_BUY,False,0,0,0.05087
226,1721860513088,0.002,0.05092,buy,4047805562,WAIT_BUY,False,0,0,0.05091
227,1721861963331,0.002,0.05102,buy,4047831938,WAIT_BUY,False,0,0,0.05102
228,1721865320195,0.002,0.05103,buy,4047902642,WAIT_BUY,False,0,0,0.05103
229,1721865368897,0.002,0.05104,buy,4047903331,WAIT_BUY,False,0,0,0.05104
230,1722299556244,0.0021,0.0499380952380952,buy,4054809475,WAIT_BUY,False,0,0,0.04995
231,1722299568826,0.0021,0.0499571428571428,buy,4054809894,WAIT_BUY,False,0,0,0.04996
232,1722299638348,0.0021,0.0499666666666666,buy,4054811338,WAIT_BUY,False,0,0,0.04997
233,1722299918911,0.0021,0.0499761904761904,buy,4054816132,WAIT_BUY,False,0,0,0.04998
234,1722300040811,0.0021,0.0499857142857142,buy,4054817913,WAIT_BUY,False,0,0,0.04999
235,1722300667558,0.0021,0.05,buy,4054827141,WAIT_BUY,False,0,0,0.05
236,1722301057699,0.002,0.05002,buy,4054836910,WAIT_BUY,False,0,0,0.05002
237,1722301069716,0.002,0.05001,buy,4054837093,WAIT_BUY,False,0,0,0.05001
238,1722301285732,0.0021,0.0499380952380952,buy,4054840295,WAIT_BUY,False,0,0,0.04994
239,1722303346203,0.0021,0.0499285714285714,buy,4054872234,WAIT_BUY,False,0,0,0.04993
240,1722357688714,0.002,0.05004,buy,4055547652,WAIT_BUY,False,0,0,0.05004
241,1722360559164,0.002,0.05005,buy,4055594888,WAIT_BUY,False,0,0,0.05005
242,1722360711996,0.002,0.05003,buy,4055597125,WAIT_BUY,False,0,0,0.05003
243,1722360807579,0.002,0.05007,buy,4055598782,WAIT_BUY,False,0,0,0.05007
244,1722360910812,0.002,0.05006,buy,4055599922,WAIT_BUY,False,0,0,0.05006
245,1722360972224,0.002,0.05008,buy,4055600983,WAIT_BUY,False,0,0,0.05008
246,1722368315930,0.0021,0.0497571428571428,buy,4055725354,WAIT_BUY,False,0,0,0.04976
247,1722368386569,0.0021,0.049747619047619,buy,4055726258,WAIT_BUY,False,0,0,0.04975
248,1722368400937,0.0021,0.0497285714285714,buy,4055726611,WAIT_BUY,False,0,0,0.04974
249,1722368414749,0.0021,0.0497285714285714,buy,4055726880,WAIT_BUY,False,0,0,0.04973
250,1722368456443,0.0021,0.0497095238095238,buy,4055727685,WAIT_BUY,False,0,0,0.04972
251,1722368470207,0.0021,0.0497,buy,4055727982,WAIT_BUY,False,0,0,0.04971
252,1722368485334,0.0021,0.0497,buy,4055728269,WAIT_BUY,False,0,0,0.0497
253,1722368526613,0.0021,0.0496857142857142,buy,4055728881,WAIT_BUY,False,0,0,0.04969
254,1722368637627,0.0021,0.0496761904761904,buy,4055730901,WAIT_BUY,False,0,0,0.04968
255,1722370261501,0.0021,0.0495857142857142,buy,4055777240,WAIT_BUY,False,0,0,0.04957
256,1722370275808,0.0021,0.0496,buy,4055778071,WAIT_BUY,False,0,0,0.04961
257,1722370289884,0.0021,0.0495761904761904,buy,4055778512,WAIT_BUY,False,0,0,0.04959
258,1722370304413,0.0021,0.0495761904761904,buy,4055778927,WAIT_BUY,False,0,0,0.04958
259,1722370398763,0.0021,0.0495380952380952,buy,4055782253,WAIT_BUY,False,0,0,0.04954
260,1722370412493,0.0021,0.0495190476190476,buy,4055782778,WAIT_BUY,False,0,0,0.04952
261,1722370427114,0.0021,0.0495095238095238,buy,4055783112,WAIT_BUY,False,0,0,0.04951
262,1722370525001,0.0021,0.0494857142857142,buy,4055785711,WAIT_BUY,False,0,0,0.04949
263,1722371778169,0.0021,0.0494857142857142,buy,4055808373,WAIT_BUY,False,0,0,0.04948
264,1722371812619,0.0021,0.0495,buy,4055808897,WAIT_BUY,False,0,0,0.0495
265,1722371894857,0.0021,0.0495285714285714,buy,4055810037,WAIT_BUY,False,0,0,0.04953
266,1722372196497,0.0021,0.049547619047619,buy,4055814838,WAIT_BUY,False,0,0,0.04956
267,1722372213388,0.0021,0.049547619047619,buy,4055815053,WAIT_BUY,False,0,0,0.04955
268,1722372365281,0.0021,0.0496,buy,4055817371,WAIT_BUY,False,0,0,0.0496
269,1722372501770,0.0021,0.0496190476190476,buy,4055818788,WAIT_BUY,False,0,0,0.04962
270,1722370537921,0.0021,0.04966,sell,4055827719,SELL_PROFIT,True,4055785711,0,0
271,1722371790988,0.0021,0.04966,sell,4055827724,SELL_PROFIT,True,4055808373,0,0
272,1722371825647,0.0021,0.04967,sell,4055826767,SELL_PROFIT,True,4055808897,0,0
273,1722370438044,0.0021,0.04968,sell,4055783385,SELL_PROFIT,True,4055783112,0,0
274,1722370424569,0.0021,0.04969,sell,4055783041,SELL_PROFIT,True,4055782778,0,0
275,1722371909416,0.0021,0.0497,sell,4055810298,SELL_PROFIT,True,4055810037,0,0
276,1722370409928,0.0021,0.04971,sell,4055782737,SELL_PROFIT,True,4055782253,0,0
277,1722372209670,0.0021,0.04972,sell,4055815030,SELL_PROFIT,True,4055814838,0,0
278,1722372226984,0.0021,0.04972,sell,4055815216,SELL_PROFIT,True,4055815053,0,0
279,1722370301005,0.0021,0.04975,sell,4055778810,SELL_PROFIT,True,4055778512,0,0
280,1722370315336,0.0021,0.04975,sell,4055779208,SELL_PROFIT,True,4055778927,0,0
281,1722370272395,0.0021,0.04976,sell,4055777971,SELL_PROFIT,True,4055777240,0,0
282,1722370286901,0.0021,0.04977,sell,4055778395,SELL_PROFIT,True,4055778071,0,0
283,1722372379560,0.0021,0.04977,sell,4055817609,SELL_PROFIT,True,4055817371,0,0
284,1722372516230,0.0021,0.04979,sell,4055818893,SELL_PROFIT,True,4055818788,0,0
285,1722368648643,0.0021,0.04985,sell,4057092702,SELL_PROFIT,False,4055730901,0,0
286,1722368539368,0.0021,0.04986,sell,4057092705,SELL_PROFIT,False,4055728881,0,0
287,1722368482765,0.0021,0.04987,sell,4057092709,SELL_PROFIT,False,4055727982,0,0
288,1722368497404,0.0021,0.04987,sell,4057092710,SELL_PROFIT,False,4055728269,0,0
289,1722368467645,0.0021,0.04988,sell,4055727928,SELL_PROFIT,True,4055727685,0,0
290,1722368411914,0.0021,0.0499,sell,4055726822,SELL_PROFIT,True,4055726611,0,0
291,1722368426783,0.0021,0.0499,sell,4055727118,SELL_PROFIT,True,4055726880,0,0
292,1722368397738,0.0021,0.04992,sell,4055726476,SELL_PROFIT,True,4055726258,0,0
293,1722368328426,0.0021,0.04993,sell,4055725481,SELL_PROFIT,True,4055725354,0,0
294,1722303355457,0.0021,0.0501,sell,4055626770,SELL_PROFIT,True,4054872234,0,0
295,1722299566355,0.0021,0.05011,sell,4055616475,SELL_PROFIT,True,4054809475,0,0
296,1722301295077,0.0021,0.05011,sell,4055616478,SELL_PROFIT,True,4054840295,0,0
297,1722299578418,0.0021,0.05013,sell,4055600910,SELL_PROFIT,True,4054809894,0,0
298,1722299647257,0.0021,0.05014,sell,4055533627,SELL_PROFIT,True,4054811338,0,0
299,1722299928484,0.0021,0.05015,sell,4055533630,SELL_PROFIT,True,4054816132,0,0
300,1722300049974,0.0021,0.05016,sell,4054818060,SELL_PROFIT,True,4054817913,0,0
301,1722300677106,0.0021,0.05018,sell,4054827401,SELL_PROFIT,True,4054827141,0,0
302,1722301078834,0.002,0.05019,sell,4054837123,SELL_PROFIT,True,4054837093,0,0
303,1722301067241,0.002,0.0502,sell,4054837063,SELL_PROFIT,True,4054836910,0,0
304,1722360722250,0.002,0.05021,sell,4055597258,SELL_PROFIT,True,4055597125,0,0
305,1722357698056,0.002,0.05022,sell,4055547729,SELL_PROFIT,True,4055547652,0,0
306,1722360568967,0.002,0.05023,sell,4055595044,SELL_PROFIT,True,4055594888,0,0
307,1722360919995,0.002,0.05024,sell,4055600002,SELL_PROFIT,True,4055599922,0,0
308,1722360816917,0.002,0.05025,sell,4055598883,SELL_PROFIT,True,4055598782,0,0
309,1722360982675,0.002,0.05026,sell,4055601174,SELL_PROFIT,True,4055600983,0,0
310,1721858078950,0.002,0.05105,sell,4047919466,SELL_PROFIT,True,4047737177,0,0
311,1721856184572,0.002,0.05106,sell,4047919468,SELL_PROFIT,True,4047676921,0,0
312,1721856197739,0.002,0.05106,sell,4047919475,SELL_PROFIT,True,4047677146,0,0
313,1721858028173,0.002,0.05108,sell,4047925399,SELL_PROFIT,True,4047736224,0,0
314,1721856072218,0.002,0.0511,sell,4047674394,SELL_PROFIT,True,4047673842,0,0
315,1721856146847,0.002,0.0511,sell,4047675742,SELL_PROFIT,True,4047675517,0,0
316,1721860527491,0.002,0.0511,sell,4047805925,SELL_PROFIT,True,4047805562,0,0
317,1721856085178,0.002,0.05113,sell,4047674798,SELL_PROFIT,True,4047674421,0,0
318,1721855972334,0.002,0.05114,sell,4047670862,SELL_PROFIT,True,4047670359,0,0
319,1721855985647,0.002,0.05114,sell,4047671290,SELL_PROFIT,True,4047670906,0,0
320,1721857601946,0.002,0.05116,sell,4047726812,SELL_PROFIT,True,4047726279,0,0
321,1721857796700,0.002,0.05116,sell,4047731584,SELL_PROFIT,True,4047731303,0,0
322,1721857628873,0.002,0.05117,sell,4047727710,SELL_PROFIT,True,4047727087,0,0
323,1721857615717,0.002,0.05118,sell,4047727071,SELL_PROFIT,True,4047726834,0,0
324,1721857848540,0.002,0.05119,sell,4047733068,SELL_PROFIT,True,4047732449,0,0
325,1721861975096,0.002,0.0512,sell,4047832011,SELL_PROFIT,True,4047831938,0,0
326,1721865331342,0.002,0.05121,sell,4047902785,SELL_PROFIT,True,4047902642,0,0
327,1721865381928,0.002,0.05122,sell,4047903450,SELL_PROFIT,True,4047903331,0,0
328,1721845248557,0.002,0.05151,sell,4047513704,SELL_PROFIT,True,4047401652,0,0
329,1721845262862,0.002,0.05151,sell,4047513712,SELL_PROFIT,True,4047402612,0,0
330,1721845059571,0.002,0.05153,sell,4047509830,SELL_PROFIT,True,4047397048,0,0
331,1721844826325,0.002,0.05154,sell,4047498960,SELL_PROFIT,True,4047392572,0,0
332,1721844839376,0.002,0.05154,sell,4047498967,SELL_PROFIT,True,4047392837,0,0
333,1721844889731,0.002,0.05155,sell,4047490189,SELL_PROFIT,True,4047393622,0,0
334,1721844956133,0.002,0.05156,sell,4047483503,SELL_PROFIT,True,4047394999,0,0
335,1721844969765,0.002,0.05156,sell,4047483504,SELL_PROFIT,True,4047395144,0,0
336,1721847163128,0.002,0.05159,sell,4047463671,SELL_PROFIT,True,4047463162,0,0
337,1721847176137,0.002,0.0516,sell,4047463991,SELL_PROFIT,True,4047463685,0,0
338,1721847424639,0.002,0.05161,sell,4047471058,SELL_PROFIT,True,4047470747,0,0
339,1721847202994,0.002,0.05163,sell,4047465080,SELL_PROFIT,True,4047464759,0,0
340,1721847216677,0.002,0.05164,sell,4047465633,SELL_PROFIT,True,4047465186,0,0
341,1721847229214,0.002,0.05164,sell,4047465933,SELL_PROFIT,True,4047465647,0,0
342,1721847254966,0.002,0.05165,sell,4047466426,SELL_PROFIT,True,4047466203,0,0
343,1721834474197,0.002,0.05166,sell,4047298821,SELL_PROFIT,True,4047212010,0,0
344,1721833849142,0.002,0.05168,sell,4047294264,SELL_PROFIT,True,4047199490,0,0
345,1721833861997,0.002,0.05168,sell,4047294271,SELL_PROFIT,True,4047199766,0,0
346,1721834448863,0.002,0.05168,sell,4047294273,SELL_PROFIT,True,4047210814,0,0
347,1721833987735,0.002,0.0517,sell,4047202875,SELL_PROFIT,True,4047202585,0,0
348,1721834012374,0.002,0.05171,sell,4047203359,SELL_PROFIT,True,4047203084,0,0
349,1721834025882,0.002,0.05171,sell,4047203466,SELL_PROFIT,True,4047203370,0,0
350,1721834214613,0.002,0.05173,sell,4047206362,SELL_PROFIT,True,4047206305,0,0
351,1721834960979,0.002,0.05175,sell,4047228786,SELL_PROFIT,True,4047228478,0,0
352,1721834974318,0.002,0.05175,sell,4047229137,SELL_PROFIT,True,4047228880,0,0
353,1721836068816,0.002,0.05176,sell,4047251575,SELL_PROFIT,True,4047251362,0,0
354,1721836156095,0.002,0.05178,sell,4047253411,SELL_PROFIT,True,4047253000,0,0
355,1721836169491,0.002,0.05178,sell,4047253825,SELL_PROFIT,True,4047253478,0,0
356,1721836220619,0.002,0.05179,sell,4047254869,SELL_PROFIT,True,4047254583,0,0
357,1721836259327,0.002,0.0518,sell,4047255941,SELL_PROFIT,True,4047255601,0,0
358,1721836275428,0.002,0.05181,sell,4047256127,SELL_PROFIT,True,4047255985,0,0
359,1721837186993,0.002,0.05182,sell,4047275571,SELL_PROFIT,True,4047275070,0,0
360,1721829631888,0.002,0.05205,sell,4047081724,SELL_PROFIT,True,4047081403,0,0
361,1721825378026,0.002,0.05226,sell,4046998120,SELL_PROFIT,True,4046997979,0,0
362,1721825313496,0.002,0.05227,sell,4046996907,SELL_PROFIT,True,4046996074,0,0
363,1721825262816,0.002,0.05228,sell,4046995287,SELL_PROFIT,True,4046995054,0,0
364,1721816496470,0.002,0.0523,sell,4046921045,SELL_PROFIT,True,4046920664,0,0
365,1721816509309,0.002,0.05232,sell,4046921279,SELL_PROFIT,True,4046921054,0,0
366,1721816522171,0.002,0.05233,sell,4046921503,SELL_PROFIT,True,4046921309,0,0
367,1721816535892,0.002,0.05233,sell,4046921657,SELL_PROFIT,True,4046921513,0,0
368,1721816626045,0.002,0.05234,sell,4046922401,SELL_PROFIT,True,4046922147,0,0
369,1721816654547,0.002,0.05235,sell,4046922613,SELL_PROFIT,True,4046922552,0,0
370,1721816694097,0.002,0.05236,sell,4046922925,SELL_PROFIT,True,4046922794,0,0
371,1721816782874,0.002,0.05237,sell,4046923638,SELL_PROFIT,True,4046923614,0,0
372,1721818727692,0.002,0.05238,sell,4046937231,SELL_PROFIT,True,4046937067,0,0
373,1721801474653,0.002,0.05248,sell,4046778690,SELL_PROFIT,True,4046778662,0,0
374,1721777468676,0.0019,0.05298,sell,4046528506,SELL_PROFIT,True,4046513520,0,0
375,1721770116947,0.0019,0.053,sell,4046528763,SELL_PROFIT,True,4046389918,0,0
376,1721770136191,0.0019,0.05301,sell,4046528764,SELL_PROFIT,True,4046390212,0,0
377,1721770145677,0.0019,0.05302,sell,4046528766,SELL_PROFIT,True,4046390328,0,0
378,1721775768348,0.0019,0.05304,sell,4046484378,SELL_PROFIT,True,4046469036,0,0
379,1721769214452,0.0019,0.05305,sell,4046381077,SELL_PROFIT,True,4046380850,0,0
380,1721775745102,0.0019,0.05305,sell,4046468692,SELL_PROFIT,True,4046467999,0,0
381,1721762699984,0.0019,0.05307,sell,4046347671,SELL_PROFIT,True,4046217027,0,0
382,1721768954961,0.0019,0.05307,sell,4046377114,SELL_PROFIT,True,4046376978,0,0
383,1721762717739,0.0019,0.05309,sell,4046342892,SELL_PROFIT,True,4046217461,0,0
384,1721762726807,0.0019,0.05309,sell,4046342894,SELL_PROFIT,True,4046217788,0,0
385,1721762759343,0.0019,0.0531,sell,4046342896,SELL_PROFIT,True,4046218463,0,0
386,1721762831127,0.0019,0.05312,sell,4046221209,SELL_PROFIT,True,4046221002,0,0
387,1721762805427,0.0019,0.05313,sell,4046220573,SELL_PROFIT,True,4046220389,0,0
388,1721762814273,0.0019,0.05313,sell,4046220645,SELL_PROFIT,True,4046220589,0,0
389,1721763115221,0.0019,0.05314,sell,4046237150,SELL_PROFIT,True,4046236885,0,0
390,1721763072692,0.0019,0.05315,sell,4046234738,SELL_PROFIT,True,4046234025,0,0
391,1721762927860,0.0019,0.05316,sell,4046226722,SELL_PROFIT,True,4046226244,0,0
392,1721762997086,0.0019,0.05316,sell,4046228956,SELL_PROFIT,True,4046228687,0,0
393,1721762936770,0.0019,0.05319,sell,4046226956,SELL_PROFIT,True,4046226799,0,0
394,1721762945188,0.0019,0.05319,sell,4046227227,SELL_PROFIT,True,4046226964,0,0
395,1721763279341,0.0019,0.05319,sell,4046242872,SELL_PROFIT,True,4046242603,0,0
396,1721763939223,0.0019,0.05321,sell,4046265746,SELL_PROFIT,True,4046265569,0,0
397,1721763047333,0.0019,0.05322,sell,4046232661,SELL_PROFIT,True,4046232363,0,0
398,1721763905298,0.0019,0.05323,sell,4046264759,SELL_PROFIT,True,4046264440,0,0
399,1721763914349,0.0019,0.05324,sell,4046264985,SELL_PROFIT,True,4046264828,0,0
400,1722356702501,0.002,0.049914685,buy,0,BUY_PROFIT,True,4055533662,0,0
401,1722356817219,0.002,0.04990472,buy,0,BUY_PROFIT,True,4055534866,0,0
402,1722356878233,0.002,0.049894755,buy,0,BUY_PROFIT,True,4055535349,0,0
403,1722356928311,0.002,0.04988479,buy,0,BUY_PROFIT,True,4055535888,0,0
404,1722356941129,0.002,0.04986486,buy,0,BUY_PROFIT,True,4055536110,0,0
405,1722356978311,0.002,0.0498548949999999,buy,0,BUY_PROFIT,True,4055536691,0,0
406,1722357002631,0.002,0.04984493,buy,0,BUY_PROFIT,True,4055536984,0,0
407,1722357722588,0.002,0.049834965,buy,0,BUY_PROFIT,True,4055547996,0,0
408,1722293895471,0.0021,0.04936,buy,4055862705,BUY_PROFIT,False,4054686893,0,0
409,1722370035614,0.0021,0.04936,buy,4055862707,BUY_PROFIT,False,4055756151,0,0
410,1722293907602,0.0021,0.04935,buy,4055862708,BUY_PROFIT,False,4054687117,0,0
411,1722293919843,0.0021,0.04935,buy,4055862720,BUY_PROFIT,False,4054687245,0,0
412,1722370147262,0.0021,0.04934,buy,4055863033,BUY_PROFIT,True,4055758668,0,0
413,1722290058666,0.0021,0.04933,buy,4055863631,BUY_PROFIT,True,4054638234,0,0
414,1722290070731,0.0021,0.04933,buy,4055863637,BUY_PROFIT,True,4054638365,0,0
415,1722370161546,0.0021,0.04931,buy,4055763043,BUY_PROFIT,True,4055762832,0,0
416,1722289653869,0.0021,0.04929,buy,4054634845,BUY_PROFIT,True,4054634715,0,0
417,1722289676983,0.0021,0.04928,buy,4054635009,BUY_PROFIT,True,4054634942,0,0
418,1722289701091,0.0021,0.04928,buy,4054635289,BUY_PROFIT,True,4054635236,0,0
419,1722370567574,0.0021,0.04927,buy,4055787372,BUY_PROFIT,True,4055787011,0,0
420,1722370651910,0.0021,0.04927,buy,4055789555,BUY_PROFIT,True,4055788892,0,0
421,1722371077416,0.0021,0.04926,buy,4055798289,BUY_PROFIT,True,4055798110,0,0
422,1722285395919,0.0021,0.04924,buy,4054597508,BUY_PROFIT,True,4054587943,0,0
423,1722285480422,0.0021,0.04923,buy,4054588751,BUY_PROFIT,True,4054588706,0,0
424,1722285506112,0.0021,0.04921,buy,4054588989,BUY_PROFIT,True,4054588948,0,0
425,1722285541668,0.0021,0.0492,buy,4054589250,BUY_PROFIT,True,4054589229,0,0
426,1722285690884,0.0021,0.04919,buy,4054590420,BUY_PROFIT,True,4054590384,0,0
427,1722285766531,0.0021,0.04918,buy,4054590941,BUY_PROFIT,True,4054590889,0,0
428,1722285783127,0.0021,0.04917,buy,4054591326,BUY_PROFIT,True,4054591169,0,0
429,1722286109547,0.0021,0.04917,buy,4054594421,BUY_PROFIT,True,4054594274,0,0
430,1722286086521,0.0021,0.04916,buy,4054594172,BUY_PROFIT,True,4054594085,0,0
431,1722285801166,0.0021,0.04915,buy,4054591767,BUY_PROFIT,True,4054591739,0,0
432,1722286006089,0.0021,0.04914,buy,4054593400,BUY_PROFIT,True,4054593337,0,0
433,1722286500188,0.0021,0.04911,buy,4054597515,BUY_PROFIT,True,4054597487,0,0
434,1722286513244,0.0021,0.04911,buy,4054597574,BUY_PROFIT,True,4054597521,0,0
435,1722278217034,0.0021,0.049,buy,4054542532,BUY_PROFIT,True,4054493792,0,0
436,1722277521997,0.0021,0.04899,buy,4054534753,BUY_PROFIT,True,4054480305,0,0
437,1722278182182,0.0021,0.04899,buy,4054534754,BUY_PROFIT,True,4054493141,0,0
438,1722277672898,0.0021,0.04897,buy,4054483508,BUY_PROFIT,True,4054483469,0,0
439,1722277785426,0.0021,0.04896,buy,4054484743,BUY_PROFIT,True,4054484644,0,0
440,1722277531787,0.0021,0.04895,buy,4054481181,BUY_PROFIT,True,4054480943,0,0
441,1722277542594,0.0021,0.04895,buy,4054481367,BUY_PROFIT,True,4054481259,0,0
442,1722277636593,0.0021,0.04895,buy,4054482989,BUY_PROFIT,True,4054482889,0,0
443,1722277560254,0.0021,0.04893,buy,4054481957,BUY_PROFIT,True,4054481834,0,0
444,1722278012749,0.0021,0.04891,buy,4054489972,BUY_PROFIT,True,4054489790,0,0
445,1722277855366,0.0021,0.04889,buy,4054486567,BUY_PROFIT,True,4054486449,0,0
446,1722277864647,0.0021,0.04889,buy,4054486698,BUY_PROFIT,True,4054486596,0,0
447,1722277957921,0.0021,0.04889,buy,4054488388,BUY_PROFIT,True,4054488068,0,0
448,1722277966796,0.0021,0.04888,buy,4054488738,BUY_PROFIT,True,4054488411,0,0
449,1722277977563,0.0021,0.04888,buy,4054488993,BUY_PROFIT,True,4054488804,0,0
450,1722280615452,0.0021,0.04886,buy,4054523637,BUY_PROFIT,True,4054523592,0,0
451,1722266227732,0.0021,0.04855,buy,4054255846,BUY_PROFIT,True,4054171326,0,0
452,1722266218469,0.0021,0.04854,buy,4054256046,BUY_PROFIT,True,4054170953,0,0
453,1722266264720,0.0021,0.04854,buy,4054256049,BUY_PROFIT,True,4054175562,0,0
454,1722266380925,0.0021,0.04851,buy,4054242947,BUY_PROFIT,True,4054181185,0,0
455,1722266332963,0.0021,0.04849,buy,4054179128,BUY_PROFIT,True,4054178404,0,0
456,1722266342491,0.0021,0.04848,buy,4054179778,BUY_PROFIT,True,4054179367,0,0
457,1722266361981,0.0021,0.04847,buy,4054180761,BUY_PROFIT,True,4054180328,0,0
458,1722266406113,0.0021,0.04847,buy,4054182569,BUY_PROFIT,True,4054182316,0,0
459,1722266685550,0.0021,0.04846,buy,4054192329,BUY_PROFIT,True,4054192171,0,0
460,1722266415880,0.0021,0.04845,buy,4054183098,BUY_PROFIT,True,4054182662,0,0
461,1722266676429,0.0021,0.04844,buy,4054192132,BUY_PROFIT,True,4054191775,0,0
462,1722266782845,0.0021,0.04842,buy,4054195590,BUY_PROFIT,True,4054195447,0,0
463,1722266792349,0.0021,0.04842,buy,4054195763,BUY_PROFIT,True,4054195609,0,0
464,1722266837666,0.0021,0.04841,buy,4054196866,BUY_PROFIT,True,4054196598,0,0
465,1722267221536,0.0021,0.04841,buy,4054206980,BUY_PROFIT,True,4054206815,0,0
466,1722267655853,0.0021,0.04839,buy,4054217198,BUY_PROFIT,True,4054216965,0,0
467,1722267664524,0.0021,0.04838,buy,4054217445,BUY_PROFIT,True,4054217250,0,0
468,1722235530999,0.0021,0.04825,buy,4054095792,BUY_PROFIT,True,4053717489,0,0
469,1722240784075,0.0021,0.04824,buy,4054004250,BUY_PROFIT,True,4053773078,0,0
470,1722256804583,0.0021,0.04823,buy,4054004346,BUY_PROFIT,True,4053950565,0,0
471,1722256856538,0.0021,0.04822,buy,4054004361,BUY_PROFIT,True,4053951424,0,0
472,1722256846941,0.0021,0.04821,buy,4054006567,BUY_PROFIT,True,4053951304,0,0
473,1722257214632,0.0021,0.0482,buy,4054007122,BUY_PROFIT,True,4053957076,0,0
474,1722257273817,0.0021,0.04819,buy,4053957758,BUY_PROFIT,True,4053957671,0,0
475,1722257385985,0.0021,0.04818,buy,4053959866,BUY_PROFIT,True,4053959766,0,0
476,1722257496944,0.0021,0.04817,buy,4053961058,BUY_PROFIT,True,4053961020,0,0
477,1722257670574,0.0021,0.04816,buy,4053963000,BUY_PROFIT,True,4053962959,0,0
478,1722258511894,0.0021,0.04815,buy,4053976589,BUY_PROFIT,True,4053976515,0,0
479,1722258503001,0.0021,0.04814,buy,4053976482,BUY_PROFIT,True,4053976318,0,0
480,1722259083062,0.0021,0.04813,buy,4053987001,BUY_PROFIT,True,4053986851,0,0
481,1722258347508,0.0021,0.04811,buy,4053971372,BUY_PROFIT,True,4053971126,0,0
482,1722226571298,0.0021,0.0481,buy,4053660691,BUY_PROFIT,True,4053604974,0,0
483,1722258364780,0.0021,0.0481,buy,4053971961,BUY_PROFIT,True,4053971851,0,0
484,1722226631555,0.0021,0.04809,buy,4053660822,BUY_PROFIT,True,4053605399,0,0
485,1722226649432,0.0021,0.04808,buy,4053649373,BUY_PROFIT,True,4053605723,0,0
486,1722226701633,0.0021,0.04807,buy,4053650372,BUY_PROFIT,True,4053606469,0,0
487,1722227245789,0.0021,0.04806,buy,4053646684,BUY_PROFIT,True,4053613255,0,0
488,1722225014664,0.0021,0.04805,buy,4053641835,BUY_PROFIT,True,4053577834,0,0
489,1722224928606,0.0021,0.04804,buy,4053577228,BUY_PROFIT,True,4053577183,0,0
490,1722227545543,0.0021,0.04803,buy,4053616948,BUY_PROFIT,True,4053616833,0,0
491,1722224816694,0.0021,0.04801,buy,4053575682,BUY_PROFIT,True,4053575625,0,0
492,1722229816938,0.0021,0.048,buy,4053636102,BUY_PROFIT,True,4053636039,0,0
493,1722224714710,0.0021,0.04799,buy,4053574493,BUY_PROFIT,True,4053574415,0,0
494,1722212212954,0.0021,0.04765,buy,4053490774,BUY_PROFIT,True,4053371063,0,0
495,1722124927644,0.0021,0.04763,buy,4053491769,BUY_PROFIT,True,4052653978,0,0
496,1722124936470,0.0021,0.04762,buy,4053487917,BUY_PROFIT,True,4052654269,0,0
497,1722124945314,0.0021,0.04762,buy,4053487926,BUY_PROFIT,True,4052654429,0,0
498,1722094453000,0.0021,0.0476089738095238,buy,0,BUY_PROFIT,True,4051971452,0,0
499,1722094601250,0.0021,0.0475994833333333,buy,0,BUY_PROFIT,True,4051975236,0,0
500,1722094591271,0.0021,0.0475805023809523,buy,0,BUY_PROFIT,True,4051974824,0,0
501,1722095212129,0.0021,0.0475805023809523,buy,0,BUY_PROFIT,True,4051984717,0,0
502,1722110662990,0.0021,0.0475805023809523,buy,0,BUY_PROFIT,True,4052241430,0,0
503,1722113177170,0.0021,0.0475805023809523,buy,0,BUY_PROFIT,True,4052373710,0,0
504,1722110535565,0.0021,0.0475615214285714,buy,0,BUY_PROFIT,True,4052236556,0,0
505,1722095337430,0.0021,0.0475520309523809,buy,0,BUY_PROFIT,True,4051990151,0,0
506,1722095231086,0.0021,0.0475425404761904,buy,0,BUY_PROFIT,True,4051986734,0,0
507,1722095249533,0.0021,0.0475188142857142,buy,0,BUY_PROFIT,True,4051987574,0,0
508,1722095258763,0.0021,0.0475188142857142,buy,0,BUY_PROFIT,True,4051988034,0,0
509,1722095456962,0.0021,0.0475093238095238,buy,0,BUY_PROFIT,True,4051992925,0,0
510,1722095448192,0.0021,0.0474998333333333,buy,0,BUY_PROFIT,True,4051992791,0,0
511,1722095781587,0.0021,0.0474903428571428,buy,0,BUY_PROFIT,True,4051996991,0,0
512,1722095898000,0.0021,0.0474808523809523,buy,0,BUY_PROFIT,True,4051997959,0,0
513,1722113149302,0.0021,0.0474808523809523,buy,0,BUY_PROFIT,True,4052366683,0,0
514,1722096264999,0.0021,0.0474713619047619,buy,0,BUY_PROFIT,True,4052002251,0,0
515,1722096555507,0.0021,0.0474618714285714,buy,0,BUY_PROFIT,True,4052006220,0,0
516,1722096576377,0.0021,0.0474523809523809,buy,0,BUY_PROFIT,True,4052006584,0,0
517,1722110975057,0.0022,0.04744,buy,4052251827,BUY_PROFIT,True,4052251674,0,0
518,1722110963921,0.0022,0.04743,buy,4052251651,BUY_PROFIT,True,4052251325,0,0
519,1722110995371,0.0022,0.04742,buy,4052252506,BUY_PROFIT,True,4052252246,0,0
520,1722111007173,0.0022,0.04741,buy,4052252733,BUY_PROFIT,True,4052252542,0,0
521,1722111028601,0.0022,0.0474,buy,4052253359,BUY_PROFIT,True,4052253129,0,0
522,1722104717986,0.0022,0.04731,buy,4052183741,BUY_PROFIT,True,4052113556,0,0
523,1722104619232,0.0022,0.0473,buy,4052176717,BUY_PROFIT,True,4052111691,0,0
524,1722104631382,0.0022,0.0473,buy,4052176722,BUY_PROFIT,True,4052111847,0,0
525,1722104994694,0.0022,0.04729,buy,4052176943,BUY_PROFIT,True,4052115967,0,0
526,1722105282396,0.0022,0.04728,buy,4052177767,BUY_PROFIT,True,4052119369,0,0
527,1722105491443,0.0022,0.04726,buy,4052121952,BUY_PROFIT,True,4052121843,0,0
528,1722105505309,0.0022,0.04726,buy,4052122075,BUY_PROFIT,True,4052121998,0,0
529,1722105541980,0.0022,0.04725,buy,4052122362,BUY_PROFIT,True,4052122317,0,0
530,1722105593782,0.0022,0.04724,buy,4052122815,BUY_PROFIT,True,4052122759,0,0
531,1722105653696,0.0022,0.04723,buy,4052123381,BUY_PROFIT,True,4052123262,0,0
532,1722105766225,0.0022,0.04722,buy,4052124127,BUY_PROFIT,True,4052124039,0,0
533,1722106774604,0.0022,0.04722,buy,4052142855,BUY_PROFIT,True,4052142651,0,0
534,1722105950896,0.0022,0.04721,buy,4052126193,BUY_PROFIT,True,4052126142,0,0
535,1722106035151,0.0022,0.0472,buy,4052127079,BUY_PROFIT,True,4052126998,0,0
536,1722106612695,0.0022,0.04717,buy,4052139751,BUY_PROFIT,True,4052139393,0,0
537,1722106625258,0.0022,0.04716,buy,4052140021,BUY_PROFIT,True,4052139778,0,0
538,1722108119909,0.0022,0.04715,buy,4052177977,BUY_PROFIT,True,4052177787,0,0
539,1722108132851,0.0022,0.04715,buy,4052178270,BUY_PROFIT,True,4052178035,0,0
